1836 2410
1436 205 1482 237 ¹3

182 292 448 343 disquifitione
480 295 647 344 qualibet
674 294 720 330 de
755 275 912 334 summis
936 304 1063 329 rerum
1088 288 1317 331 notionibus
1346 289 1481 342 (ἴδεις),

121 370 127 373 —
182 346 324 393 quibus
360 355 459 381 recte
493 343 856 382 recundum‘claffes
890 353 927 379 et
946 343 1101 390 *species
1137 344 1288 390 divifis,
1328 346 1483 382 descen-

183 396 349 432 dandum
383 396 454 434 ess'e
486 397 532 432 ad
565 395 728 444 lingulas
761 403 798 430 et
829 406 957 431 rerum
992 394 1177 430 notiones
1216 405 1253 430 et
1286 407 1352 431 res·
1381 396 1480 442 ipsas

182 446 404 482 individuas
440 448 515 488 ita,
557 455 770 482 ut>certum
807 446 897 481 inde
923 445 969 480 de
996 440 1129 492 q'uavis
1164 446 1355 490 judicium
1383 445 1484 481 ferre

181 496 378 545 poss'imus.
433 500 554 544 Quam
579 496 735 544 quidem
761 495 950 532 rationem
979 494 1060 542 ipse
1089 507 1170 530 non
1204 497 1328 532 solum
1355 495 1483 532 statim

180 549 226 582 in
252 548 323 581 illo
356 546 439 592 ipso
467 547 642 594 dialogo,
681 546 741 583 sed
776 547 818 581 in
855 545 1013 593 reliquis
1040 545 1154 581 etiam
1181 559 1217 581 v.
1241 560 1275 585 c.
1301 548 1342 582 in
1371 546 1482 584 libris

112 628 117 632 .
180 598 227 632 de
262 596 493 643 Republica,
530 597 735 633 Theaeteto
744 610 756 638 ς
800 597 1068 651 irgPhaedro,
1112 596 1259 644 egregie
1294 594 1483 635 adhibuit.

183 646 502 695 Quandoquidem
548 660 638 684 vero
676 648 719 683 in
760 644 919 696 lingulis
953 646 1014 682 his
1058 646 1180 682 libris·
1205 645 1482 692 systematicum

182 696 208 732 fi
243 697 347 733 dium
376 698 595 745 philosophi
619 697 738 734 nostri
762 707 888 744 aperte
914 697 1110 733 detectum
1126 698 1353 743 reperimus,
1379 697 1483 734 haud

182 757 321 783 temere
348 749 521 795 profecto
546 748 763 794 putabimus
790 759 924 783 omnes
953 758 1104 796 quoqus
1133 748 1349 790 doctrinas,
1385 760 1483 795 quae

180 810 307 835 revera
335 808 372 834 et
404 799 451 833 ad
478 798 691 834 universam
727 807 764 834 et
791 799 836 833 ad
863 799 1047 834 moralem
1084 798 1163 842 ejus
1200 798 1483 846 philosophiam

180 848 418 895 pertineant,
445 848 510 884 etii
536 860 619 884 non
646 849 690 883 in
711 848 857 895 scriptis
881 858 1008 884 tamen
1026 848 1070 883 in
1090 849 1222 885 animo
1249 849 1331 895 ejus
1352 849 1482 886 arctis-

181 897 278 937 fimo
304 897 512 947 systematis
538 899 699 938 vinculo
726 899 952 946 conjunctas
979 897 1104 938 fuiss‘e·

752 1014 806 1057 μς.
861 1013 895 1047 6.

283 1091 365 1129 Jam
393 1086 420 1123 fi
443 1086 548 1122 illam
569 1084 761 1126 rationem
778 1087 1012 1124 Platonicam
1031 1087 1376 1136 comparaverimus
1393 1098 1482 1123 cum

183 1136 411 1180 Christiana,
453 1137 606 1173 suavem
651 1136 806 1185 quidem
846 1136 1152 1181 fimilitudinem,
1200 1140 1263 1175 sed
1298 1139 1483 1183 majorem

183 1189 476 1236 discrepantiam
492 1183 749 1234 reperiemus>
789 1188 918 1225 Primo
938 1190 1102 1236 quidem
1111 1191 1312 1227 oculorum
1329 1190 1482 1230 obtutu,

182 1240 226 1275 in
262 1240 336 1274 hoc
366 1237 603 1284 potiss'imum
640 1236 773 1282 fimilis
806 1238 878 1271 ess‘o
906 1239 1059 1273 videtur
1081 1239 1312 1275 Christianae
1338 1239 1480 1274 ethices

183 1289 282 1325 ratio
302 1286 542 1328 Platonicae,
571 1286 676 1334 quod
691 1285 877 1321 continua
897 1291 936 1321 *et
953 1297 1080 1323 exacta
1106 1288 1337 1333 systematica
1356 1288 1481 1323 forma

183 1352 266 1377 non
299 1339 435 1376 induta
475 1335 537 1375 est.
610 1336 682 1373 Sed
718 1336 875 1373 min-imi
916 1338 1007 1374 haec
1045 1336 1254 1376 fimilitudo
1292 1337 1483 1388 mognenti

185 1392 275 1432 erit,
316 1399 354 1426 et
389 1396 587 1424 evanescet
611 1387 711 1431 fere,
751 1387 777 1423 fi
808 1388 929 1424 altius
951 1389 1250 1436 spectaverimus.
1302 1390 1480 1440 Vidimus
1518 1425 1520 1427 ,

187 1441 293 1478 enim
327 1440 370 1476 in
403 1440 585 1483 Platone,
627 1436 770 1474 etiamn
805 1439 1018 1475 universam
1057 1441 1219 1477 ethicam
1248 1439 1483 1485 systematice

184 1505 268 1529 non
295 1490 575 1537 composuerit,
599 1497 726 1526 tamen
751 1489 794 1524 in
817 1488 974 1537 lingulis
993 1492 1161 1537 partibus
1178 1492 1256 1534 ejus
1274 1491 1481 1539 ingenium

186 1551 224 1578 et
246 1540 412 1577 studium
439 1539 605 1586 lingulas
632 1539 824 1573 doctrinas
852 1548 963 1585 atque
988 1541 1196 1585 opiniones
1224 1554 1271 1576 ex
1293 1541 1481 1577 altissimis

186 1590 318 1629 cauffis
342 1588 557 1637 repetendi,
579 1600 599 1623 a
626 1588 855 1624 notionibus
880 1590 1116 1636 generalibus
1147 1592 1194 1626 ad
1213 1603 1272 1628 res
1292 1591 1482 1639 quaslibet

187 1641 462 1681 descendendi,
490 1648 528 1674 et
557 1639 722 1675 omnino
745 1638 875 1674 omnia
900 1651 1095 1687 praecepta
1129 1642 1250 1685 ethica
1278 1642 1483 1678 ratiocina-

186 1688 307 1728 tionis
331 1689 499 1727 vinculis
527 1689 684 1737 ligandi.
745 1693 831 1737 Quo
868 1697 999 1725 tamen
1031 1691 1193 1739 ingenio
1226 1702 1263 1728 et
1293 1691 1415 1729 studio
1443 1699 1482 1727 et

189 1740 323 1782 christi
363 1750 400 1777 et
432 1737 698 1786 Apostolorum
734 1748 929 1786 praecepta
968 1742 1125 1785 mpralia
1170 1742 1259 1777 sunt
1291 1740 1479 1779 destituta.

189 1795 427 1840 Quamquam
446 1790 551 1825 enim
570 1799 770 1826 occurrant
793 1790 973 1837 quaedam
1000 1801 1192 1850 praecepta
1217 1805 1260 1828 ac
1278 1793 1483 1840 principia,

188 1853 284 1890 quae
311 1842 456 1889 reliqua
476 1840 608 1876 omnia
630 1841 811 1888 amplecti
830 1840 1053 1883 videantur.
1090 1851 1127 1878 et
1151 1843 1292 1890 quibus
1314 1841 1480 1878 Christus

188 1892 269 1941 ipse
293 1901 330 1929 et
351 1890 523 1939 Apostoli
544 1891 737 1928 summum
765 1900 1004 1929 momentum
1034 1892 1289 1942 imposuerint
1318 1894 1409 1940 ¹²),‘
1428 1902 1482 1931 ta-

233 2010 284 2047 u)
307 2006 426 2040 Matth.
449 2004 561 2041 XXII,
584 2011 707 2044 34·4o.
736 2000 854 2034 Matth.
879 2001 1007 2041 XXIII,
1029 2011 1071 2044 25
1091 2003 1158 2045 sqq.
1194 2003 1268 2036 Gal.
1290 2004 1337 2042 V,
1363 2010 1482 2044 15-15.

275 2049 398 2083 Mum,
413 2047 494 2086 VII,
517 2054 568 2080 m.
604 2045 684 2075 Luc.
703 2043 765 2083 v1,
785 2053 833 2083 51.
867 2043 987 2076 Matth.
1008 2045 1127 2084 V‚.48.
1165 2054 1180 2076 ι
1196 2045 1289 2078 Petr.
1314 2056 1348 2083 1,
1374 2054 1413 2086 15
1432 2045 1481 2085 sq.
