1836 2410
307 185 332 220 4

312 268 473 307 fellendi
509 277 629 309 erent.
693 267 806 316 Quod
833 276 958 304 tamen
987 269 1055 318 qui
1082 268 1165 307 fieri
1198 268 1350 316 potuit..
1389 268 1460 305 nifi
1497 269 1611 306 docto

315 330 354 356 et
380 319 644 367 philosophico
677 319 824 354 modo?
878 320 1136 365 Sophistarum
1160 320 1220 355 vis
1255 319 1298 352 in
1326 319 1474 355 animos
1501 321 1613 368 nobi·

315 371 413 407 lium
440 381 482 404 nc
507 369 744 404 eruditorum
772 369 953 413 juvenum
983 372 1190 407 coercenda
1216 378 1313 413 πως
1342 368 1471 415 itaque
1491 370 1615 406 erudi-

315 422 367 458 tis
400 419 541 456 animis
582 420 778 467 Platonem
815 421 977 457 ethicam
1016 423 1120 458 suam
1157 419 1332 467 rcripfiffe
1365 420 1507 456 necess‘e
1552 420 1614 458 est.

316 476 363 509 In
391 473 528 519 vulgus
557 471 661 505 enim
696 483 766 506 nec
793 472 940 508 altioris
975 472 1171 521 indaginis
1210 471 1385 507 homines
1413 471 1615 507 minimam

317 523 399 560 vim
427 519 623 569 Sophiftae
650 530 911 557 exercuerunt.

419 620 563 666 Restat,
591 631 634 657 nt
652 634 733 658 eam
760 622 985 658 sententiam
1011 623 1159 658 irritam
1182 623 1251 659 ess‘e
1266 623 1492 672 probemus,
1521 632 1616 669 quae

317 683 355 709 et
377 685 398 709 a
424 674 612 709 veteribus
636 682 674 708 et
711 686 728 707 a
758 673 1030 709 recentioribus
1058 674 1283 721 quibusdam
1310 674 1349 718 ³)
1379 674 1523 720 prolata
1551 670 1614 715 est,

316 726 516 761 Platonem
551 724 763 771 splendoris
799 734 909 772 atque
943 724 1088 772 gloriae
1120 725 1241 774 magis
1279 723 1386 759 fuiss‘e
1419 723 1613 769 cupidum,

319 788 434 823 quam
451 775 532 810 veri
549 775 783 821 virtutisque
809 774 1034 815 studiosum,
1061 784 1099 810 et
1125 776 1394 823 saepenumero
1412 774 1612 809 veritatem

319 825 393 861 arti
419 834 532 872 atque
555 825 709 859 sublimi
729 825 899 860 orationi
935 824 1195 872 postposuiffe.
1235 839 1285 861 ne
1312 826 1451 867 multa,
1481 823 1615 870 Sophi-

317 874 409 913 stam
437 875 548 911 illum
574 874 683 913 fuiffe
710 876 889 911 omnium
914 878 1143 914 maximum.
1165 896 1215 906 —
1261 881 1358 913 Non
1381 875 1479 910 illud
1505 886 1616 921 nega-

317 938 426 968 mus,
472 938 556 961 non
595 926 638 960 in
678 927 861 962 omnibus
896 928 1056 976 dialogis
1092 926 1249 974 reperiri
1283 938 1410 963 veram
1446 925 1616 961 Platonis

318 986 510 1018 mentem,
546 976 666 1013 immo
703 978 853 1012 lubenti
886 977 1016 1014 animo
1046 977 1294 1014 concedimus
1321 977 1427 1024 saepe
1453 974 1618 1025 philoso-

319 1029 443 1075 phum
466 1025 639 1063 nostrum
666 1041 747 1063 non
775 1029 816 1063 id
844 1028 1022 1077 egiffeut
1038 1042 1124 1066 vera
1154 1029 1335 1076 quaedam
1364 1027 1549 1063 sententia
1574 1026 1617 1060 in

320 1078 400 1114 fine
435 1079 712 1124 disputationis
751 1089 938 1125 ponatur,
982 1080 1045 1116 sed
1080 1079 1224 1115 subfiili
1260 1079 1454 1115 dialectica
1487 1088 1620 1113 verum

320 1129 447 1175 ipsum
480 1128 673 1175 pepuliss'e.
730 1134 905 1165 Attamen
933 1143 1069 1172 nemo,
1108 1129 1135 1165 fi
1164 1130 1281 1165 modo
1299 1122 1443 1176 'paullo
1470 1139 1621 1163 accura-

322 1180 401 1214 tius
437 1191 518 1214 rem
553 1179 786 1225 spectemus,
829 1181 983 1216 Platoni
1023 1181 1119 1216 illud
1159 1180 1257 1216 vitio
1292 1188 1422 1217 vertet.
1492 1182 1620 1227 Quum

324 1229 429 1265 enim
466 1230 573 1265 Plato
610 1229 798 1275 duplicem
829 1230 897 1264 fibi
929 1230 1179 1277 proposuisset
1208 1231 1347 1271 finem,
1383 1231 1543 1265 alterum
1577 1237 1621 1263 ut

322 1278 511 1326 Sophista's
547 1277 758 1314 offenderet
791 1290 902 1326 atque
938 1281 1118 1315 ridiculos
1153 1278 1415 1326 prostifueret,
1459 1281 1628 1314 alterum⁴

323 1339 367 1364 ut
394 1342 463 1375 pro
491 1329 581 1363 falsa
604 1328 761 1364 istorum
788 1331 938 1365 ratione
966 1339 1003 1366 et
1021 1330 1224 1375 disciplina
1243 1341 1330 1370 vera
1355 1329 1621 1377 philosophiae

325 1379 464 1426 jaceret
505 1379 781 1416 fundamenta:
831 1391 1036 1429 utrumque
1072 1381 1186 1417 finem
1236 1382 1355 1417 modo
1401 1381 1619 1426 conjunxit,

325 1432 444 1466 modo
478 1431 672 1477 separavit.
729 1435 781 1477 ‚In
817 1432 997 1468 omnibus
1034 1431 1112 1467 istis
1153 1432 1283 1472 libris,
1325 1432 1393 1466 ubi
1428 1435 1621 1468 Socratem

326 1493 414 1516 cum
447 1480 615 1529 Sophiste
658 1482 820 1530 quodem
854 1483 1176 1531 interloquentem
1211 1483 1323 1526 facit,
1379 1482 1485 1528 nihil?
1519 1481 1623 1519 aliud

324 1533 438 1567 illum
465 1532 534 1568 fibi
559 1533 794 1580 proposuisse
821 1534 971 1575 censeo,
1011 1546 1127 1582 quam*
1159 1543 1202 1569 ut
1228 1533 1436 1580 ostenderet
1464 1534 1624 1570 illorum

327 1581 525 1618 stultitiam
558 1596 770 1629 vanamque
804 1583 1118 1627 ostentationem,
1164 1594 1294 1633 utque*
1315 1585 1424 1627 illos,
1472 1586 1540 1631 qui
1577 1585 1623 1620 in

330 1633 526 1670 dialectica
552 1634 817 1670 versatiffimos
845 1634 918 1669 sese
941 1636 1145 1681 jactarent,
1174 1634 1289 1681 ipsius
1311 1634 1519 1670 dialecticis
1538 1635 1624 1670 vin-

328 1685 426 1719 culis
461 1686 514 1719 ita
549 1685 732 1730 irretiret,
778 1694 820 1719 ut
856 1686 1001 1731 pudore
1041 1682 1206 1731 suffeeti‚
1250 1683 1320 1731 ipfi
1364 1684 1623 1732 ignorantiam

325 1734 431 1770 suam
464 1736 641 1774 confiteri
677 1737 795 1772 coacti
829 1735 953 1774 esrem.
1013 1739 1099 1771 Hoc
1131 1734 1294 1771 studium
1331 1734 1419 1770 satis
1448 1746 1624 1782 ‘apertum

329 1784 380 1820 est
407 1787 449 1821 in
479 1788 738 1834 Euthydemo,
774 1788 816 1823 in
852 1787 992 1835 Hippia
1026 1786 1168 1832 majore
1202 1795 1240 1822 et
1271 1786 1443 1830 minore,
1484 1788 1624 1835 quibus

329 1834 357 1871 fi
392 1839 527 1873 omnia
561 1852 656 1887 quae
689 1840 839 1882 insunt,
888 1851 1015 1875 veram
1045 1838 1215 1874 Platonis
1251 1836 1360 1873 fuiffe
1395 1838 1625 1875 sententiam

370 1976 405 2014 3)
428 1973 559 2014 Dionys
587 1974 660 2005 Hal.
679 1974 724 2010 V,
750 1977 820 2007 208.
843 1983 916 2015 2⁰9·
943 1973 999 2006 VI.
1016 1973 1095 2014 964.
1120 1983 1193 2015 972.
1217 1982 1307 2016 1⁰5⁹·
1336 1973 1484 2009 Meiners
1507 1972 1622 2004 Gefch.

410 2015 469 2046 der
487 2015 602 2051 Ethik.
626 2016 668 2048 Τ.
685 2015 711 2047 Ι.
734 2025 765 2056 p.
783 2015 850 2054 196.
