1836 2410
1457 178 1500 201 11

199 273 288 300 cum
319 262 415 298 mira
451 259 768 297 diffimssitudine.
837 263 919 296 Hae
959 262 1099 298 caussae
1138 263 1317 305 fuerunt,
1362 265 1501 312 quibus

196 314 350 352 adducti
386 314 432 349 de
466 313 618 349 ratione
651 308 867 356 Blatonicae
902 321 941 348 et
976 312 1204 351 Christianae
1240 314 1381 352 ethices
1423 316 1501 362 jam

194 366 321 415 aliqua
348 364 460 402 verba
485 362 682 400 faciemus.

786 465 816 504 §-
868 448 904 506 5ss

293 541 429 575 Utrum
450 538 557 573 Plato
575 547 701 572 revera
722 536 877 570 moralis
898 535 1166 582 philosophiae
1184 538 1336 583 systema
1349 569 1358 584 ,
1386 544 1493 589 quod

189 587 312 627 nostri
340 588 518 631 homines
537 595 696 627 vocant,
725 585 769 620 in
797 586 931 621 animo
961 586 1137 625 habuerit
1164 601 1307 632 necne,
1335 605 1418 629 non
1449 592 1500 629 est

192 640 295 688 quod
316 641 389 673 hoc
417 639 459 673 in
486 640 575 672 loco
607 636 815 681 dijudicare
843 636 1047 681 possimus,
1085 651 1205 684 quum
1236 642 1402 687 quaestio
1433 644 1501 679 illa

195 702 240 727 ex
266 688 354 737 ipfis
379 688 457 735 ejus
482 686 671 723 doctrinis
703 686 749 720 ad
779 685 896 720 finem
919 687 1077 732 perduci
1128 689 1244 727 ebeat.
1298 694 1390 727 Eam
1414 702 1502 728 tan.

193 750 277 786 tum
305 739 618 775 adhuc'formam
649 737 881 782 spectamus,
908 749 984 784 qua
1016 737 1192 775 indutam
1225 740 1387 778 ethicam
1415 744 1498 780 Pla·

192 787 298 827 tonis
322 789 549 835 accepimus.
600 788 688 823 sole
709 795 835 822 autem
864 787 1001 823 clarius
1028 787 1095 831 est,
1126 791 1324 827 Platonem
1356 794 1500 829 doctri-

192 852 261 879 nas
289 839 375 876 suas
404 837 636 886 systematica
671 836 792 872 forma
818 837 975 873 indutas
1005 850 1087 873 non
1115 841 1338 878 exhibuiffe.
1387 847 1499 880 -Non

194 904 317 927 unum
343 891 672 927 cohaerentemwet
699 897 926 934 perpetuum
951 888 1067 924 nobis
1093 889 1238 937 scripfit
1256 886 1425 936 librum,
1454 895 1499 931 in

193 955 270 990 quo
293 942 508 978 universam
536 940 699 976 ethicam
726 951 745 974 a
767 938 916 973 summo
942 938 1139 987 principio
1166 941 1359 987 profectus
1387 954 1425 979 et
1455 946 1499 981 in

192 993 358 1042 nugulas
384 992 475 1038 inde
504 991 694 1027 doctrinas
721 989 974 1030 descendens,
1013 990 1217 1039 tractasset,
1250 993 1314 1029 sed
1337 992 1497 1043 lingulis

192 1056 275 1081 eam
304 1043 467 1092 dialogis
486 1042 695 1089 disposuit,
725 1049 763 1076 et
790 1039 920 1087 paffim
939 1040 1097 1087 reliquis
1116 1040 1383 1091 philosophiae
1408 1045 1497 1083 suae

190 1094 361 1141 partibus
400 1092 645 1130 immiscuit.»
694 1091 966 1127 Nihilominus
1007 1092 1169 1142 interior
1202 1095 1360 1141 quidum
1402 1109 1495 1133 con·

189 1146 312 1182 nex'us
342 1144 581 1193 quorundam
610 1141 850 1190 dialogorum
874 1144 911 1188 ⁹)
943 1150 981 1177 et
1006 1143 1289 1190 principiorum
1317 1147 1499 1186 omnium.

191 1195 307 1231 facile
330 1193 535 1242 detegitur.
589 1196 705 1238 Saepe
732 1193 835 1228 enim
863 1192 927 1232 fit,
957 1202 1000 1227 ut
1024 1194 1116 1229 haec
1132 1196 1191 1230 vel
1219 1195 1286 1231 illa
1313 1197 1496 1243 primaria

190 1245 368 1288 doctrina
388 1244 430 1278 in
449 1244 584 1290 aliquo
602 1241 755 1289 dialogo
771 1240 1190 1289 indigitetur'tantum‚
1219 1253 1336 1292 atque,
1351 1248 1492 1294 primis

187 1294 428 1332 lineamentis
450 1293 699 1341 depingatur,
727 1303 840 1338 quam
866 1291 1003 1326 deinde
1020 1292 1062 1326 in
1081 1294 1158 1328 alio
1179 1292 1280 1330 libro
1301 1297 1490 1343 copiosius

188 1356 383 1383 tractatam
403 1355 440 1381 et
464 1343 669 1393 expolitam
689 1341 942 1390 reperiamus.
972 1350 1010 1378 et
1039 1343 1142 1380 unde
1160 1344 1256 1382 aliae
1284 1345 1494 1386 sententiae

189 1407 303 1445 atque
325 1405 519 1445 praecepta
541 1395 777 1432 deriventur.
829 1397 915 1429 Hoc
940 1394 1077 1436 modo,
1106 1405 1149 1431 ut
1183 1399 1402 1445 exemplum
1431 1414 1493 1437 ex.

190 1448 413 1491 hibeamus,
442 1446 657 1482 doctrinam
674 1444 723 1481 de
741 1444 837 1479 ideis
855 1444 1108 1491 philosophus
1127 1446 1253 1482 noster
1268 1449 1433 1485 obscuro
1453 1461 1492 1487 et

186 1498 393 1545 allego‘rico
429 1497 545 1548 modo
581 1495 764 1541 indigitat
794 1495 837 1528 in
872 1506 913 1528 ea
950 1495 1205 1539 pulcherrima
1240 1499 1418 1535 oratione
1442 1502 1489 1538 de

187 1558 333 1590 amore3
360 1550 473 1594 quam
501 1546 545 1580 in
571 1544 740 1580 Phaedro
766 1543 942 1591 legimus.
997 1546 1168 1582 Eandem
1184 1547 1326 1584 deinde
1349 1546 1489 1587 doctri.

188 1611 279 1634 nam
316 1597 445 1644 paullo
486 1595 715 1631 clarioribus
741 1594 865 1629 verbis
894 1594 1071 1641 expressit
1099 1596 1142 1631 in
1167 1597 1388 1645 Symp0503
1425 1602 1490 1638 sed

188 1662 275 1686 vera
310 1650 379 1685 lux
408 1648 562 1683 demum
596 1644 868 1682 his'omnibus
914 1643 1151 1692 affunditur,
1185 1649 1253 1684 ubi
1281 1650 1486 1699 legerimus

187 1701 404 1741 Philebum,
429 1699 686 1738 Phaedonem,
715 1695 1283 1744 Parmenidem,Theaetetum,
1311 1702 1486 1751 aliosque

186 1751 328 1795 libros,
356 1750 425 1784 ubi
444 1750 547 1785 Plato
571 1745 772 1784 manifesto
800 1747 929 1791 docet,
957 1748 1051 1796 quid
1074 1747 1141 1784 fibi
1166 1750 1244 1787 illis
1268 1749 1357 1798 ipfis
1386 1750 1485 1791 ideis

226 1887 276 1927 9)
295 1870 379 1915 Vide
401 1885 606 1927 dialogorum
629 1892 834 1920 connexum,
865 1869 969 1922 quenl
991 1886 1173 1918 acutirfime
1193 1889 1362 1922 illustravit
1381 1894 1482 1925 Artius

265 1928 319 1957 in:
349 1927 463 1957 Leben
491 1927 561 1957 und
594 1925 761 1957 Schriften
787 1925 841 1955 des
864 1924 983 1956 Platon
1010 1936 1177 1967 praeterea
1201 1930 1483 1968 Schleiermacher

265 1969 324 1999 in:
347 1968 480 2001 UeberI.
502 1968 558 2000 des
576 1969 708 2001 Platon.
732 1968 829 2000 Tom.
846 1965 873 1999 Ι.
895 1967 1103 2011 Einleitung,
1269 1985 1275 1986 ff

963 2014 1047 2048 132
