<?xml version="1.0" encoding="UTF-8"?>
<!DOCTYPE html PUBLIC "-//W3C//DTD XHTML 1.0 Transitional//EN"
    "http://www.w3.org/TR/xhtml1/DTD/xhtml1-transitional.dtd">
<html xmlns="http://www.w3.org/1999/xhtml" xml:lang="en" lang="en">
 <head>
  <title>
</title>
<meta http-equiv="Content-Type" content="text/html;charset=utf-8" />
  <meta name='ocr-system' content='tesseract 3.04.00' />
  <meta name='ocr-capabilities' content='ocr_page ocr_carea ocr_par ocr_line ocrx_word'/>
</head>
<body>
  <div class='ocr_page' id='page_1' title='image "4624638_0024.png"; bbox 0 0 1836 2410; ppageno 0'>
   <div class='ocr_carea' id='block_1_1' title="bbox 310 205 357 230">
    <p class='ocr_par' dir='ltr' id='par_1_1' title="bbox 310 205 357 230">
     <span class='ocr_line' id='line_1_1' title="bbox 310 205 357 230; baseline 0 0"><span class='ocrx_word' id='word_1_1' title='bbox 310 205 357 230; x_wconf 85' lang='lat'>10</span> 
     </span>
    </p>
   </div>
   <div class='ocr_carea' id='block_1_2' title="bbox 310 283 1642 1030">
    <p class='ocr_par' dir='ltr' id='par_1_2' title="bbox 310 283 1642 1030">
     <span class='ocr_line' id='line_1_2' title="bbox 310 283 1605 335; baseline -0.001 -12"><span class='ocrx_word' id='word_1_2' title='bbox 310 291 393 325; x_wconf 80' lang='lat' dir='ltr'>laus</span> <span class='ocrx_word' id='word_1_3' title='bbox 429 296 539 335; x_wconf 87' lang='lat' dir='ltr'>quam</span> <span class='ocrx_word' id='word_1_4' title='bbox 567 284 720 320; x_wconf 77' lang='lat' dir='ltr'>Platoni</span> <span class='ocrx_word' id='word_1_5' title='bbox 762 283 961 320; x_wconf 78' lang='lat' dir='ltr'>tribuenda</span> <span class='ocrx_word' id='word_1_6' title='bbox 995 283 1056 320; x_wconf 80' lang='lat' dir='ltr'>est.</span> <span class='ocrx_word' id='word_1_7' title='bbox 1094 318 1096 321; x_wconf 81' lang='grc'>,</span> <span class='ocrx_word' id='word_1_8' title='bbox 1126 285 1281 323; x_wconf 76' lang='lat' dir='ltr'><strong>Accedit</strong></span> <span class='ocrx_word' id='word_1_9' title='bbox 1309 296 1457 335; x_wconf 76' lang='lat' dir='ltr'>nutem.</span> <span class='ocrx_word' id='word_1_10' title='bbox 1499 286 1605 335; x_wconf 83' lang='lat' dir='ltr'>quod</span> 
     </span>
     <span class='ocr_line' id='line_1_3' title="bbox 312 335 1605 384; baseline -0.002 -9"><span class='ocrx_word' id='word_1_11' title='bbox 312 342 418 376; x_wconf 83' lang='lat' dir='ltr'>Plato</span> <span class='ocrx_word' id='word_1_12' title='bbox 444 336 616 383; x_wconf 85' lang='lat' dir='ltr'>profecto</span> <span class='ocrx_word' id='word_1_13' title='bbox 638 348 719 371; x_wconf 86' lang='lat' dir='ltr'>non</span> <span class='ocrx_word' id='word_1_14' title='bbox 752 335 929 382; x_wconf 83' lang='lat' dir='ltr'>speravit,</span> <span class='ocrx_word' id='word_1_15' title='bbox 960 335 1175 372; x_wconf 79' lang='lat' dir='ltr'><strong>doctrinam</strong></span> <span class='ocrx_word' id='word_1_16' title='bbox 1206 337 1310 374; x_wconf 86' lang='lat' dir='ltr'>suam</span> <span class='ocrx_word' id='word_1_17' title='bbox 1328 335 1513 378; x_wconf 63' lang='lat' dir='ltr'>¹&#39;uiooetssem</span> <span class='ocrx_word' id='word_1_18' title='bbox 1541 350 1605 384; x_wconf 83' lang='lat' dir='ltr'>pn-</span> 
     </span>
     <span class='ocr_line' id='line_1_4' title="bbox 311 384 1606 437; baseline -0.001 -12"><span class='ocrx_word' id='word_1_19' title='bbox 311 389 405 425; x_wconf 79' lang='lat' dir='ltr'>triae</span> <span class='ocrx_word' id='word_1_20' title='bbox 430 388 515 423; x_wconf 80' lang='lat' dir='ltr'>suae</span> <span class='ocrx_word' id='word_1_21' title='bbox 543 386 638 422; x_wconf 85' lang='lat' dir='ltr'>fines</span> <span class='ocrx_word' id='word_1_22' title='bbox 662 386 887 436; x_wconf 81' lang='lat' dir='ltr'>exceffuram</span> <span class='ocrx_word' id='word_1_23' title='bbox 914 384 1008 429; x_wconf 83' lang='lat' dir='ltr'>effe,·</span> <span class='ocrx_word' id='word_1_24' title='bbox 1033 399 1104 423; x_wconf 84' lang='lat' dir='ltr'>nec</span> <span class='ocrx_word' id='word_1_25' title='bbox 1132 388 1173 423; x_wconf 89' lang='lat' dir='ltr'>in</span> <span class='ocrx_word' id='word_1_26' title='bbox 1197 388 1326 424; x_wconf 84' lang='lat' dir='ltr'>animo</span> <span class='ocrx_word' id='word_1_27' title='bbox 1356 389 1490 424; x_wconf 79' lang='lat' dir='ltr'>habuit</span> <span class='ocrx_word' id='word_1_28' title='bbox 1516 400 1606 437; x_wconf 83' lang='lat' dir='ltr'>gen·</span> 
     </span>
     <span class='ocr_line' id='line_1_5' title="bbox 313 436 1605 487; baseline -0.001 -11"><span class='ocrx_word' id='word_1_29' title='bbox 313 441 418 476; x_wconf 81' lang='lat' dir='ltr'>tibus</span> <span class='ocrx_word' id='word_1_30' title='bbox 450 450 601 486; x_wconf 84' lang='lat' dir='ltr'>quoque</span> <span class='ocrx_word' id='word_1_31' title='bbox 634 437 800 474; x_wconf 78' lang='lat' dir='ltr'>barbaris</span> <span class='ocrx_word' id='word_1_32' title='bbox 842 436 1003 473; x_wconf 80' lang='lat' dir='ltr'>ethicam</span> <span class='ocrx_word' id='word_1_33' title='bbox 1042 438 1217 483; x_wconf 84' lang='lat' dir='ltr'>Icribere,</span> <span class='ocrx_word' id='word_1_34' title='bbox 1266 439 1464 487; x_wconf 78' lang='lat' dir='ltr'>(alioquin</span> <span class='ocrx_word' id='word_1_35' title='bbox 1492 439 1605 485; x_wconf 76' lang='lat' dir='ltr'>⁴enim</span> 
     </span>
     <span class='ocr_line' id='line_1_6' title="bbox 313 487 1604 538; baseline 0 -12"><span class='ocrx_word' id='word_1_36' title='bbox 313 500 505 538; x_wconf 78' lang='lat' dir='ltr'>praecepta</span> <span class='ocrx_word' id='word_1_37' title='bbox 550 489 614 524; x_wconf 78' lang='lat' dir='ltr'>sua</span> <span class='ocrx_word' id='word_1_38' title='bbox 651 499 688 524; x_wconf 91' lang='lat' dir='ltr'>et</span> <span class='ocrx_word' id='word_1_39' title='bbox 727 487 916 535; x_wconf 81' lang='lat' dir='ltr'>principia</span> <span class='ocrx_word' id='word_1_40' title='bbox 950 501 1035 524; x_wconf 84' lang='lat' dir='ltr'>non</span> <span class='ocrx_word' id='word_1_41' title='bbox 1069 498 1146 524; x_wconf 81' lang='lat' dir='ltr'>tam</span> <span class='ocrx_word' id='word_1_42' title='bbox 1182 500 1283 527; x_wconf 80' lang='lat' dir='ltr'>arcte</span> <span class='ocrx_word' id='word_1_43' title='bbox 1324 500 1388 526; x_wconf 84' lang='lat' dir='ltr'>aut</span> <span class='ocrx_word' id='word_1_44' title='bbox 1425 491 1604 526; x_wconf 79' lang='lat' dir='ltr'>civilibus</span> 
     </span>
     <span class='ocr_line' id='line_1_7' title="bbox 314 538 1607 588; baseline 0 -13"><span class='ocrx_word' id='word_1_45' title='bbox 314 539 626 576; x_wconf 81' lang='lat' dir='ltr'>institutionibus</span> <span class='ocrx_word' id='word_1_46' title='bbox 661 547 725 572; x_wconf 87' lang='lat' dir='ltr'>aut</span> <span class='ocrx_word' id='word_1_47' title='bbox 758 538 895 585; x_wconf 85' lang='lat' dir='ltr'>populi</span> <span class='ocrx_word' id='word_1_48' title='bbox 923 538 980 573; x_wconf 84' lang='lat' dir='ltr'>sui</span> <span class='ocrx_word' id='word_1_49' title='bbox 1007 539 1263 584; x_wconf 82' lang='lat' dir='ltr'>opinionibus</span> <span class='ocrx_word' id='word_1_50' title='bbox 1290 553 1332 579; x_wconf 78' lang='lat' dir='ltr'>ae</span> <span class='ocrx_word' id='word_1_51' title='bbox 1358 540 1607 588; x_wconf 82' lang='lat' dir='ltr'>reIigionibus</span> 
     </span>
     <span class='ocr_line' id='line_1_8' title="bbox 312 587 1610 636; baseline -0.001 -10"><span class='ocrx_word' id='word_1_52' title='bbox 312 590 507 636; x_wconf 83' lang='lat' dir='ltr'>junxisset)</span> <span class='ocrx_word' id='word_1_53' title='bbox 541 587 705 625; x_wconf 82' lang='lat' dir='ltr'>Christus</span> <span class='ocrx_word' id='word_1_54' title='bbox 733 601 824 623; x_wconf 88' lang='lat' dir='ltr'>vero</span> <span class='ocrx_word' id='word_1_55' title='bbox 853 588 1032 623; x_wconf 82' lang='lat' dir='ltr'>omnibus</span> <span class='ocrx_word' id='word_1_56' title='bbox 1055 590 1281 626; x_wconf 82' lang='lat' dir='ltr'>hominibus</span> <span class='ocrx_word' id='word_1_57' title='bbox 1308 602 1499 627; x_wconf 73' lang='lat' dir='ltr'>unacum</span> <span class='ocrx_word' id='word_1_58' title='bbox 1524 590 1610 626; x_wconf 87' lang='lat' dir='ltr'>reli·</span> 
     </span>
     <span class='ocr_line' id='line_1_9' title="bbox 314 639 1610 688; baseline -0.001 -12"><span class='ocrx_word' id='word_1_59' title='bbox 314 642 432 688; x_wconf 86' lang='lat' dir='ltr'>gione</span> <span class='ocrx_word' id='word_1_60' title='bbox 470 641 553 679; x_wconf 82' lang='lat' dir='ltr'>sua,</span> <span class='ocrx_word' id='word_1_61' title='bbox 598 639 759 672; x_wconf 81' lang='lat' dir='ltr'>ethicam</span> <span class='ocrx_word' id='word_1_62' title='bbox 795 639 897 672; x_wconf 80' lang='lat' dir='ltr'>sunm</span> <span class='ocrx_word' id='word_1_63' title='bbox 934 639 1079 672; x_wconf 76' lang='lat' dir='ltr'>tradere</span> <span class='ocrx_word' id='word_1_64' title='bbox 1106 640 1232 673; x_wconf 88' lang='lat' dir='ltr'>voluit</span> <span class='ocrx_word' id='word_1_65' title='bbox 1265 649 1303 675; x_wconf 84' lang='lat' dir='ltr'>et</span> <span class='ocrx_word' id='word_1_66' title='bbox 1326 641 1610 676; x_wconf 71' lang='lat' dir='ltr'>commendare.</span> 
     </span>
     <span class='ocr_line' id='line_1_10' title="bbox 315 686 1614 739; baseline -0.002 -13"><span class='ocrx_word' id='word_1_67' title='bbox 315 689 457 739; x_wconf 81' lang='lat' dir='ltr'>Quodfl</span> <span class='ocrx_word' id='word_1_68' title='bbox 481 690 677 725; x_wconf 36' lang='lat' dir='ltr'>(miramur</span> <span class='ocrx_word' id='word_1_69' title='bbox 713 688 884 723; x_wconf 74' lang='lat' dir='ltr'>Platonis</span> <span class='ocrx_word' id='word_1_70' title='bbox 929 686 1124 734; x_wconf 84' lang='lat' dir='ltr'>egregium</span> <span class='ocrx_word' id='word_1_71' title='bbox 1156 689 1378 736; x_wconf 79' lang='lat' dir='ltr'>ingenium,</span> <span class='ocrx_word' id='word_1_72' title='bbox 1426 690 1531 737; x_wconf 82' lang='lat' dir='ltr'>quod</span> <span class='ocrx_word' id='word_1_73' title='bbox 1566 690 1614 724; x_wconf 77' lang='lat' dir='ltr'>ad</span> 
     </span>
     <span class='ocr_line' id='line_1_11' title="bbox 313 738 1613 786; baseline -0.002 -9"><span class='ocrx_word' id='word_1_74' title='bbox 313 740 412 777; x_wconf 75' lang='lat' dir='ltr'>istud</span> <span class='ocrx_word' id='word_1_75' title='bbox 431 753 551 786; x_wconf 88' lang='lat' dir='ltr'>usque</span> <span class='ocrx_word' id='word_1_76' title='bbox 577 749 726 786; x_wconf 86' lang='lat' dir='ltr'>tempus</span> <span class='ocrx_word' id='word_1_77' title='bbox 751 738 926 774; x_wconf 82' lang='lat' dir='ltr'>inaudito</span> <span class='ocrx_word' id='word_1_78' title='bbox 946 738 1063 773; x_wconf 88' lang='lat' dir='ltr'>modo</span> <span class='ocrx_word' id='word_1_79' title='bbox 1080 738 1241 775; x_wconf 81' lang='lat' dir='ltr'>ethicam</span> <span class='ocrx_word' id='word_1_80' title='bbox 1269 740 1460 781; x_wconf 80' lang='lat' dir='ltr'>tractavit,</span> <span class='ocrx_word' id='word_1_81' title='bbox 1488 740 1613 775; x_wconf 85' lang='lat' dir='ltr'>multo</span> 
     </span>
     <span class='ocr_line' id='line_1_12' title="bbox 314 788 1642 839; baseline -0.002 -13"><span class='ocrx_word' id='word_1_82' title='bbox 314 792 435 839; x_wconf 82' lang='lat' dir='ltr'>magis</span> <span class='ocrx_word' id='word_1_83' title='bbox 471 790 641 825; x_wconf 86' lang='lat' dir='ltr'>miranda</span> <span class='ocrx_word' id='word_1_84' title='bbox 692 788 741 824; x_wconf 79' lang='lat' dir='ltr'>est</span> <span class='ocrx_word' id='word_1_85' title='bbox 774 788 860 828; x_wconf 84' lang='lat' dir='ltr'>Jesu</span> <span class='ocrx_word' id='word_1_86' title='bbox 888 788 954 823; x_wconf 89' lang='lat' dir='ltr'>illa</span> <span class='ocrx_word' id='word_1_87' title='bbox 989 788 1122 823; x_wconf 79' lang='lat' dir='ltr'>animi·</span> <span class='ocrx_word' id='word_1_88' title='bbox 1144 789 1369 837; x_wconf 83' lang='lat' dir='ltr'>ingeniique</span> <span class='ocrx_word' id='word_1_89' title='bbox 1411 788 1612 831; x_wconf 62' lang='lat' dir='ltr'>excellimus,</span> <span class='ocrx_word' id='word_1_90' title='bbox 1635 828 1642 831; x_wconf 53' lang='grc'>,</span> 
     </span>
     <span class='ocr_line' id='line_1_13' title="bbox 316 839 1615 889; baseline -0.002 -13"><span class='ocrx_word' id='word_1_91' title='bbox 316 854 387 889; x_wconf 84' lang='lat' dir='ltr'>qua</span> <span class='ocrx_word' id='word_1_92' title='bbox 416 852 540 886; x_wconf 86' lang='lat' dir='ltr'>neque</span> <span class='ocrx_word' id='word_1_93' title='bbox 576 839 896 886; x_wconf 85' lang='lat' dir='ltr'>philosophorum</span> <span class='ocrx_word' id='word_1_94' title='bbox 925 847 1077 874; x_wconf 73' lang='lat' dir='ltr'>tentum</span> <span class='ocrx_word' id='word_1_95' title='bbox 1103 839 1261 882; x_wconf 78' lang='lat' dir='ltr'>scholis,</span> <span class='ocrx_word' id='word_1_96' title='bbox 1299 853 1423 888; x_wconf 85' lang='lat' dir='ltr'>neque</span> <span class='ocrx_word' id='word_1_97' title='bbox 1450 840 1519 874; x_wconf 89' lang='lat' dir='ltr'>uni</span> <span class='ocrx_word' id='word_1_98' title='bbox 1547 851 1615 887; x_wconf 33' lang='lat' dir='ltr'>po·-</span> 
     </span>
     <span class='ocr_line' id='line_1_14' title="bbox 313 889 1617 939; baseline -0.002 -12"><span class='ocrx_word' id='word_1_99' title='bbox 313 893 428 938; x_wconf 86' lang='lat' dir='ltr'>pulo,</span> <span class='ocrx_word' id='word_1_100' title='bbox 468 890 529 925; x_wconf 83' lang='lat' dir='ltr'>sed</span> <span class='ocrx_word' id='word_1_101' title='bbox 556 889 736 926; x_wconf 87' lang='lat' dir='ltr'>universo</span> <span class='ocrx_word' id='word_1_102' title='bbox 762 889 931 932; x_wconf 88' lang='lat' dir='ltr'>mundo,</span> <span class='ocrx_word' id='word_1_103' title='bbox 969 902 1110 926; x_wconf 87' lang='lat' dir='ltr'>novam</span> <span class='ocrx_word' id='word_1_104' title='bbox 1138 903 1295 939; x_wconf 87' lang='lat' dir='ltr'>eamque</span> <span class='ocrx_word' id='word_1_105' title='bbox 1320 890 1552 938; x_wconf 70' lang='lat' dir='ltr'>puriss&#39;imam</span> <span class='ocrx_word' id='word_1_106' title='bbox 1578 899 1617 926; x_wconf 88' lang='lat' dir='ltr'>et</span> 
     </span>
     <span class='ocr_line' id='line_1_15' title="bbox 314 940 1615 978; baseline -0.002 0"><span class='ocrx_word' id='word_1_107' title='bbox 314 942 548 978; x_wconf 79' lang='lat' dir='ltr'>salutiferam</span> <span class='ocrx_word' id='word_1_108' title='bbox 584 941 630 976; x_wconf 82' lang='lat' dir='ltr'>de</span> <span class='ocrx_word' id='word_1_109' title='bbox 669 944 755 977; x_wconf 87' lang='lat' dir='ltr'>Deo</span> <span class='ocrx_word' id='word_1_110' title='bbox 803 949 840 976; x_wconf 88' lang='lat' dir='ltr'>et</span> <span class='ocrx_word' id='word_1_111' title='bbox 880 940 1039 975; x_wconf 86' lang='lat' dir='ltr'>homine</span> <span class='ocrx_word' id='word_1_112' title='bbox 1078 941 1292 978; x_wconf 78' lang='lat' dir='ltr'>doctrinam</span> <span class='ocrx_word' id='word_1_113' title='bbox 1336 942 1481 978; x_wconf 75' lang='lat' dir='ltr'><strong>tradere</strong></span> <span class='ocrx_word' id='word_1_114' title='bbox 1524 952 1615 977; x_wconf 87' lang='lat' dir='ltr'>con-</span> 
     </span>
     <span class='ocr_line' id='line_1_16' title="bbox 314 993 990 1030; baseline 0 -1"><span class='ocrx_word' id='word_1_115' title='bbox 314 993 492 1030; x_wconf 73' lang='lat' dir='ltr'>stituerit·</span> <span class='ocrx_word' id='word_1_116' title='bbox 982 1006 990 1009; x_wconf 87' lang='lat'><em>·</em></span> 
     </span>
    </p>
   </div>
   <div class='ocr_carea' id='block_1_3' title="bbox 314 1087 1613 1104">
    <p class='ocr_par' dir='ltr' id='par_1_3' title="bbox 314 1087 1613 1104">
     <span class='ocr_line' id='line_1_17' title="bbox 314 1087 1613 1104; baseline -0.003 -1"><span class='ocrx_word' id='word_1_117' title='bbox 314 1087 1613 1104; x_wconf 53' lang='lat' dir='ltr'>m</span> 
     </span>
    </p>
   </div>
   <div class='ocr_carea' id='block_1_4' title="bbox 847 1154 1096 1207">
    <p class='ocr_par' dir='ltr' id='par_1_4' title="bbox 847 1154 1096 1207">
     <span class='ocr_line' id='line_1_18' title="bbox 847 1154 1096 1207; baseline -0.008 0"><span class='ocrx_word' id='word_1_118' title='bbox 847 1177 993 1207; x_wconf 55' lang='lat' dir='ltr'>cirur</span> <span class='ocrx_word' id='word_1_119' title='bbox 1034 1154 1096 1205; x_wconf 84' lang='lat'>11.¹</span> 
     </span>
    </p>
   </div>
   <div class='ocr_carea' id='block_1_5' title="bbox 312 1230 1616 1333">
    <p class='ocr_par' dir='ltr' id='par_1_5' title="bbox 312 1230 1616 1333">
     <span class='ocr_line' id='line_1_19' title="bbox 312 1230 1616 1297; baseline -0.009 -12"><span class='ocrx_word' id='word_1_120' title='bbox 312 1248 639 1297; x_wconf 70' lang='lat' dir='ltr'>msqmm‘rmz</span> <span class='ocrx_word' id='word_1_121' title='bbox 674 1248 745 1281; x_wconf 72' lang='lat' dir='ltr'>DE</span> <span class='ocrx_word' id='word_1_122' title='bbox 777 1245 1022 1283; x_wconf 80' lang='lat' dir='ltr'><strong>RATIONE.</strong></span> <span class='ocrx_word' id='word_1_123' title='bbox 1073 1241 1175 1288; x_wconf 85' lang='lat' dir='ltr'>QUA</span> <span class='ocrx_word' id='word_1_124' title='bbox 1208 1230 1369 1277; x_wconf 65' lang='lat' dir='ltr'><strong>PLA&#39;TO</strong></span> <span class='ocrx_word' id='word_1_125' title='bbox 1411 1241 1477 1275; x_wconf 84' lang='lat' dir='ltr'>ET</span> <span class='ocrx_word' id='word_1_126' title='bbox 1508 1240 1616 1287; x_wconf 75' lang='lat' dir='ltr'>QUA</span> 
     </span>
     <span class='ocr_line' id='line_1_20' title="bbox 467 1290 1616 1333; baseline -0.008 0"><span class='ocrx_word' id='word_1_127' title='bbox 467 1299 709 1333; x_wconf 75' lang='lat' dir='ltr'>cumsws</span> <span class='ocrx_word' id='word_1_128' title='bbox 749 1296 987 1330; x_wconf 71' lang='lat' dir='ltr'>MorzALes</span> <span class='ocrx_word' id='word_1_129' title='bbox 1025 1294 1143 1326; x_wconf 62' lang='lat' dir='ltr'>suas</span> <span class='ocrx_word' id='word_1_130' title='bbox 1176 1290 1463 1326; x_wconf 77' lang='lat' dir='ltr'>DocTfflNAs</span> <span class='ocrx_word' id='word_1_131' title='bbox 1612 1314 1616 1318; x_wconf 91' lang='lat'>.</span> 
     </span>
    </p>
   </div>
   <div class='ocr_carea' id='block_1_6' title="bbox 785 1339 1146 1381">
    <p class='ocr_par' dir='ltr' id='par_1_6' title="bbox 785 1339 1146 1381">
     <span class='ocr_line' id='line_1_21' title="bbox 785 1339 1146 1381; baseline -0.008 0"><span class='ocrx_word' id='word_1_132' title='bbox 785 1339 1146 1381; x_wconf 79' lang='lat' dir='ltr'><strong>EXHIBUERINT.</strong></span> 
     </span>
    </p>
   </div>
   <div class='ocr_carea' id='block_1_7' title="bbox 906 1502 1033 1545">
    <p class='ocr_par' dir='ltr' id='par_1_7' title="bbox 906 1502 1033 1545">
     <span class='ocr_line' id='line_1_22' title="bbox 906 1502 1033 1545; baseline -0.008 -9"><span class='ocrx_word' id='word_1_133' title='bbox 906 1502 941 1544; x_wconf 82' lang='lat'>§.</span> <span class='ocrx_word' id='word_1_134' title='bbox 996 1509 1033 1545; x_wconf 79' lang='lat'>4.</span> 
     </span>
    </p>
   </div>
   <div class='ocr_carea' id='block_1_8' title="bbox 317 1570 1639 2087">
    <p class='ocr_par' dir='ltr' id='par_1_8' title="bbox 317 1570 1639 2087">
     <span class='ocr_line' id='line_1_23' title="bbox 423 1570 1617 1628; baseline -0.003 -14"><span class='ocrx_word' id='word_1_135' title='bbox 423 1579 605 1628; x_wconf 80' lang='lat' dir='ltr'>Quamvis</span> <span class='ocrx_word' id='word_1_136' title='bbox 633 1579 726 1612; x_wconf 79' lang='lat' dir='ltr'>haec</span> <span class='ocrx_word' id='word_1_137' title='bbox 751 1574 909 1610; x_wconf 85' lang='lat' dir='ltr'>levioris</span> <span class='ocrx_word' id='word_1_138' title='bbox 942 1574 1130 1609; x_wconf 80' lang='lat' dir='ltr'>momenti</span> <span class='ocrx_word' id='word_1_139' title='bbox 1156 1573 1227 1610; x_wconf 82' lang='lat' dir='ltr'>effe</span> <span class='ocrx_word' id='word_1_140' title='bbox 1252 1575 1425 1611; x_wconf 83' lang='lat' dir='ltr'>videatur</span> <span class='ocrx_word' id='word_1_141' title='bbox 1448 1570 1617 1626; x_wconf 69' lang='lat' dir='ltr'>diequifi-</span> 
     </span>
     <span class='ocr_line' id='line_1_24' title="bbox 318 1625 1613 1674; baseline -0.003 -6"><span class='ocrx_word' id='word_1_142' title='bbox 318 1631 395 1674; x_wconf 85' lang='lat' dir='ltr'>tio,</span> <span class='ocrx_word' id='word_1_143' title='bbox 424 1627 574 1666; x_wconf 80' lang='lat' dir='ltr'>ratione</span> <span class='ocrx_word' id='word_1_144' title='bbox 596 1628 722 1663; x_wconf 77' lang='lat' dir='ltr'>habita</span> <span class='ocrx_word' id='word_1_145' title='bbox 741 1626 845 1660; x_wconf 85' lang='lat' dir='ltr'>illius</span> <span class='ocrx_word' id='word_1_146' title='bbox 862 1625 969 1666; x_wconf 84' lang='lat' dir='ltr'>finis.</span> <span class='ocrx_word' id='word_1_147' title='bbox 999 1625 1115 1671; x_wconf 75' lang='lat' dir='ltr'>quem</span> <span class='ocrx_word' id='word_1_148' title='bbox 1130 1626 1246 1662; x_wconf 83' lang='lat' dir='ltr'>nobis</span> <span class='ocrx_word' id='word_1_149' title='bbox 1271 1627 1313 1661; x_wconf 89' lang='lat' dir='ltr'>in</span> <span class='ocrx_word' id='word_1_150' title='bbox 1337 1627 1397 1662; x_wconf 86' lang='lat' dir='ltr'>his</span> <span class='ocrx_word' id='word_1_151' title='bbox 1417 1629 1613 1674; x_wconf 66' lang='lat' dir='ltr'>proposui-</span> 
     </span>
     <span class='ocr_line' id='line_1_25' title="bbox 317 1676 1612 1724; baseline -0.003 -5"><span class='ocrx_word' id='word_1_152' title='bbox 317 1694 436 1724; x_wconf 80' lang='lat' dir='ltr'>mus,</span> <span class='ocrx_word' id='word_1_153' title='bbox 483 1689 611 1716; x_wconf 83' lang='lat' dir='ltr'>tamen</span> <span class='ocrx_word' id='word_1_154' title='bbox 652 1677 751 1713; x_wconf 81' lang='lat' dir='ltr'>haud</span> <span class='ocrx_word' id='word_1_155' title='bbox 789 1677 898 1723; x_wconf 89' lang='lat' dir='ltr'>plane</span> <span class='ocrx_word' id='word_1_156' title='bbox 938 1687 1020 1712; x_wconf 86' lang='lat' dir='ltr'>eam</span> <span class='ocrx_word' id='word_1_157' title='bbox 1057 1676 1192 1723; x_wconf 79' lang='lat' dir='ltr'>putavi</span> <span class='ocrx_word' id='word_1_158' title='bbox 1227 1678 1612 1722; x_wconf 76' lang='lat' dir='ltr'>praetermittendam.</span> 
     </span>
     <span class='ocr_line' id='line_1_26' title="bbox 317 1726 1614 1777; baseline -0.002 -8"><span class='ocrx_word' id='word_1_159' title='bbox 317 1733 469 1769; x_wconf 84' lang='lat' dir='ltr'>Etenim</span> <span class='ocrx_word' id='word_1_160' title='bbox 496 1732 662 1777; x_wconf 83' lang='lat' dir='ltr'>primum</span> <span class='ocrx_word' id='word_1_161' title='bbox 700 1728 797 1762; x_wconf 85' lang='lat' dir='ltr'>ratio</span> <span class='ocrx_word' id='word_1_162' title='bbox 827 1736 862 1761; x_wconf 82' lang='lat' dir='ltr'>et</span> <span class='ocrx_word' id='word_1_163' title='bbox 889 1737 1041 1762; x_wconf 81' lang='lat' dir='ltr'>externa</span> <span class='ocrx_word' id='word_1_164' title='bbox 1068 1726 1191 1761; x_wconf 80' lang='lat' dir='ltr'>forma</span> <span class='ocrx_word' id='word_1_165' title='bbox 1222 1727 1366 1762; x_wconf 74' lang='lat' dir='ltr'>ethicae</span> <span class='ocrx_word' id='word_1_166' title='bbox 1398 1729 1614 1766; x_wconf 79' lang='lat' dir='ltr'>Platonicae</span> 
     </span>
     <span class='ocr_line' id='line_1_27' title="bbox 318 1777 1634 1831; baseline -0.003 -11"><span class='ocrx_word' id='word_1_167' title='bbox 318 1793 433 1831; x_wconf 73' lang='lat' dir='ltr'>atque</span> <span class='ocrx_word' id='word_1_168' title='bbox 461 1780 689 1819; x_wconf 79' lang='lat' dir='ltr'>Christianae</span> <span class='ocrx_word' id='word_1_169' title='bbox 714 1777 920 1827; x_wconf 62' lang='lat' dir='ltr'>2arctiss&#39;ime</span> <span class='ocrx_word' id='word_1_170' title='bbox 960 1777 1162 1813; x_wconf 87' lang='lat' dir='ltr'>cohaerent</span> <span class='ocrx_word' id='word_1_171' title='bbox 1193 1780 1279 1812; x_wconf 74' lang='lat' dir='ltr'>eum</span> <span class='ocrx_word' id='word_1_172' title='bbox 1309 1777 1393 1814; x_wconf 63' lang='lat' dir='ltr'>‘fine</span> <span class='ocrx_word' id='word_1_173' title='bbox 1424 1788 1634 1824; x_wconf 61' lang='lat' dir='ltr'>autorum(</span> 
     </span>
     <span class='ocr_line' id='line_1_28' title="bbox 320 1828 1614 1880; baseline -0.002 -10"><span class='ocrx_word' id='word_1_174' title='bbox 320 1836 437 1871; x_wconf 88' lang='lat' dir='ltr'>modo</span> <span class='ocrx_word' id='word_1_175' title='bbox 456 1841 484 1868; x_wconf 71' lang='lat' dir='ltr'>*a</span> <span class='ocrx_word' id='word_1_176' title='bbox 513 1833 628 1868; x_wconf 84' lang='lat' dir='ltr'>nobis</span> <span class='ocrx_word' id='word_1_177' title='bbox 655 1828 844 1878; x_wconf 77' lang='lat' dir='ltr'>expolito,</span> <span class='ocrx_word' id='word_1_178' title='bbox 870 1840 905 1865; x_wconf 80' lang='lat' dir='ltr'>et</span> <span class='ocrx_word' id='word_1_179' title='bbox 924 1829 1023 1865; x_wconf 88' lang='lat' dir='ltr'>haud</span> <span class='ocrx_word' id='word_1_180' title='bbox 1045 1828 1206 1863; x_wconf 85' lang='lat' dir='ltr'>minima</span> <span class='ocrx_word' id='word_1_181' title='bbox 1236 1829 1327 1863; x_wconf 87' lang='lat' dir='ltr'>inde</span> <span class='ocrx_word' id='word_1_182' title='bbox 1348 1830 1417 1866; x_wconf 72' lang='lat' dir='ltr'>luit</span> <span class='ocrx_word' id='word_1_183' title='bbox 1444 1830 1503 1866; x_wconf 88' lang='lat' dir='ltr'>illi</span> <span class='ocrx_word' id='word_1_184' title='bbox 1529 1832 1614 1880; x_wconf 84' lang='lat' dir='ltr'>sup·</span> 
     </span>
     <span class='ocr_line' id='line_1_29' title="bbox 320 1880 1613 1934; baseline -0.006 -13"><span class='ocrx_word' id='word_1_185' title='bbox 320 1886 478 1934; x_wconf 73' lang='lat' dir='ltr'>peditat.</span> <span class='ocrx_word' id='word_1_186' title='bbox 543 1884 691 1918; x_wconf 81' lang='lat' dir='ltr'>Deinde</span> <span class='ocrx_word' id='word_1_187' title='bbox 718 1891 842 1915; x_wconf 84' lang='lat' dir='ltr'>autem</span> <span class='ocrx_word' id='word_1_188' title='bbox 871 1883 968 1917; x_wconf 75' lang='lat' dir='ltr'>ratio</span> <span class='ocrx_word' id='word_1_189' title='bbox 1003 1889 1039 1914; x_wconf 82' lang='lat' dir='ltr'>et</span> <span class='ocrx_word' id='word_1_190' title='bbox 1069 1888 1220 1914; x_wconf 80' lang='lat' dir='ltr'>externa</span> <span class='ocrx_word' id='word_1_191' title='bbox 1252 1880 1374 1916; x_wconf 77' lang='lat' dir='ltr'>sonna</span> <span class='ocrx_word' id='word_1_192' title='bbox 1401 1891 1501 1916; x_wconf 81' lang='lat' dir='ltr'>recte</span> <span class='ocrx_word' id='word_1_193' title='bbox 1529 1894 1613 1928; x_wconf 86' lang='lat' dir='ltr'>per.</span> 
     </span>
     <span class='ocr_line' id='line_1_30' title="bbox 319 1931 1613 1985; baseline -0.003 -12"><span class='ocrx_word' id='word_1_194' title='bbox 319 1939 441 1985; x_wconf 68' lang='lat' dir='ltr'>specta</span> <span class='ocrx_word' id='word_1_195' title='bbox 471 1944 508 1970; x_wconf 86' lang='lat' dir='ltr'>et</span> <span class='ocrx_word' id='word_1_196' title='bbox 541 1934 728 1974; x_wconf 83' lang='lat' dir='ltr'>exhibita,</span> <span class='ocrx_word' id='word_1_197' title='bbox 767 1943 876 1979; x_wconf 85' lang='lat' dir='ltr'>quam</span> <span class='ocrx_word' id='word_1_198' title='bbox 904 1931 1065 1968; x_wconf 84' lang='lat' dir='ltr'>maximi</span> <span class='ocrx_word' id='word_1_199' title='bbox 1096 1932 1284 1967; x_wconf 81' lang='lat' dir='ltr'>momenti</span> <span class='ocrx_word' id='word_1_200' title='bbox 1312 1931 1379 1974; x_wconf 87' lang='lat' dir='ltr'>est,</span> <span class='ocrx_word' id='word_1_201' title='bbox 1414 1942 1457 1967; x_wconf 89' lang='lat' dir='ltr'>ut</span> <span class='ocrx_word' id='word_1_202' title='bbox 1485 1944 1613 1970; x_wconf 76' lang='lat' dir='ltr'>veram</span> 
     </span>
     <span class='ocr_line' id='line_1_31' title="bbox 320 1983 1639 2031; baseline -0.002 -8"><span class='ocrx_word' id='word_1_203' title='bbox 320 1986 519 2023; x_wconf 82' lang='lat' dir='ltr'>doctrinae</span> <span class='ocrx_word' id='word_1_204' title='bbox 533 1983 647 2031; x_wconf 82' lang='lat' dir='ltr'>ipfius</span> <span class='ocrx_word' id='word_1_205' title='bbox 665 1992 832 2018; x_wconf 87' lang='lat' dir='ltr'>mentem</span> <span class='ocrx_word' id='word_1_206' title='bbox 850 1983 1121 2031; x_wconf 79' lang='lat' dir='ltr'>intelligamus.</span> <span class='ocrx_word' id='word_1_207' title='bbox 1174 1984 1352 2029; x_wconf 85' lang='lat' dir='ltr'>Denique</span> <span class='ocrx_word' id='word_1_208' title='bbox 1371 1983 1613 2022; x_wconf 78' lang='lat' dir='ltr'>suavis-inter</span> <span class='ocrx_word' id='word_1_209' title='bbox 1635 2001 1639 2003; x_wconf 83' lang='grc'><strong><em>·</em></strong></span> 
     </span>
     <span class='ocr_line' id='line_1_32' title="bbox 317 2030 1612 2087; baseline -0.003 -12"><span class='ocrx_word' id='word_1_210' title='bbox 317 2047 519 2087; x_wconf 83' lang='lat' dir='ltr'>utramque</span> <span class='ocrx_word' id='word_1_211' title='bbox 552 2034 744 2072; x_wconf 82' lang='lat' dir='ltr'>rationem</span> <span class='ocrx_word' id='word_1_212' title='bbox 776 2033 978 2072; x_wconf 84' lang='lat' dir='ltr'>intercedit</span> <span class='ocrx_word' id='word_1_213' title='bbox 1004 2030 1233 2077; x_wconf 67' lang='lat' dir='ltr'>fimilitu‘do,</span> <span class='ocrx_word' id='word_1_214' title='bbox 1270 2033 1475 2078; x_wconf 72' lang='lat' dir='ltr'>conjuncta</span> <span class='ocrx_word' id='word_1_215' title='bbox 1500 2033 1612 2072; x_wconf 86' lang='lat' dir='ltr'>fimul</span> 
     </span>
    </p>
   </div>
  </div>
 </body>
</html>
