1836 2410
1422 200 1468 233 ¹7

167 282 441 332 profluentem,
480 280 647 319 modesto
679 290 804 318 tamen
838 283 894 318 sui
928 285 1180 331 praeceptoris
1209 286 1355 329 modo,
1381 298 1459 334 quo

167 335 298 370 omnia
326 347 371 369 ex
391 332 734 381 interloquentium
753 334 891 370 animis
911 334 1045 370 elicere
1062 336 1254 378 videatur,
1283 338 1457 383 exponit

168 386 236 420 Uti
263 385 380 432 igitur
409 384 581 421 doctrina
609 383 780 419 Platonis
808 385 997 420 humanae
1026 386 1263 433 philophiae‚
1296 387 1349 422 ita
1372 387 1459 428 Jesu

167 434 300 473 Christi
319 444 512 484 praecepta
535 434 752 472 divinarum
774 435 1080 484 legum-speciem
1099 449 1185 483 prae
1209 437 1407 483 feserunt.

730 560 787 621 ,ἕο
841 569 878 612 87

268 634 395 680 Major
419 634 617 681 utriusque
643 632 801 674 ethices.
830 632 857 668 fi
881 632 1047 669 formam
1073 633 1303 680 spectamus,
1328 634 1459 673 fimili-

164 686 259 722 tudo
278 687 442 735 cernitur
459 686 499 721 in
517 685 607 726 illo,
631 693 674 719 ut
691 684 742 719 ita
761 684 901 727 dicam,
926 683 1149 720 vestimento
1161 712 1170 727 ,
1199 698 1276 733 quo
1297 696 1333 722 et
1347 688 1454 724 Plato

166 747 203 772 et
213 736 374 776 Christus
395 736 584 772 doctrinas
600 736 822 780 plerumque
839 736 1013 770 induant.
1067 740 1234 783 Uterque
1250 737 1354 772 enim
1372 750 1454 773 non

166 788 310 834 ubique
337 787 509 834 loquitur
529 785 702 820 oratione
724 786 874 830 proprie
904 785 1172 833 intelligenda.
1204 787 1265 821 sed
1292 789 1457 833 plerum·

167 850 241 885 que
277 837 527 884 imaginibus,
567 834 705 871 fabulis
737 843 777 869 et
801 836 987 881 parabolis
1015 849 1141 871 veram
1177 836 1284 872 suam
1307 838 1457 873 senten-

144 888 259 934 ‚tiam
288 886 477 933 exprimit.
533 889 635 934 Quae
665 894 790 923 tamen
822 895 880 920 tot
904 895 1082 932 tantaque
1103 886 1190 921 sunt
1212 888 1256 922 in
1279 896 1457 935 utroque,

167 947 212 974 ut
242 937 383 986 lingula
408 948 626 973 enumerare
649 936 807 983 longum
827 934 882 972 fit.
938 940 1127 972 Praeterea
1152 948 1240 972 vero
1269 939 1389 973 multa
1412 938 1457 974 in

166 989 275 1024 libris
306 987 514 1024 Platonicis
540 986 721 1027 veniunt,
757 998 851 1033 quae
884 990 993 1033 poe'ta
1027 986 1099 1022 ssnt
1135 988 1310 1036 digniora
1342 1000 1459 1036 quam

167 1039 420 1090 philosopho,
461 1050 536 1086 quo
572 1036 767 1083 pertinent
798 1049 931 1072 omnes
969 1035 1057 1072 istae
1090 1038 1290 1086 allegoriae
1314 1039 1454 1086 quibus

164 1099 313 1126 tantum
332 1087 428 1124 abest
447 1097 491 1124 ut
506 1100 606 1124 nova
624 1087 744 1122 menti
759 1087 977 1133 Philosophi
987 1088 1059 1123 lux
1073 1089 1234 1131 accedat,
1262 1098 1306 1124 ut
1325 1089 1456 1136 potius

166 1140 405 1187 philosophia
431 1140 596 1176 obscura
610 1146 722 1183 atque
746 1138 860 1173 dubia
893 1138 973 1175 fiat
1028 1141 1217 1186 Exemplo
1244 1139 1294 1174 est
1321 1141 1458 1188 allego-

165 1190 221 1226 ria
250 1188 336 1232 ista,
373 1201 485 1236 quam
512 1188 554 1222 in
581 1187 748 1222 Phaedro
775 1190 843 1233 1⁷)
870 1189 1052 1235 legimus,
1081 1187 1108 1222 fi
1133 1192 1287 1234 poetam
1314 1190 1459 1237 cogites

166 1240 438 1296 pulcherrima,
473 1237 702 1283 philosopho
731 1246 856 1272 autem
885 1237 986 1272 haud
1013 1238 1182 1284 perinde
1202 1239 1331 1287 digna
1393 1243 1458 1274 In·

166 1290 349 1339 gentibus
374 1289 476 1324 enim
504 1287 804 1335 imaginationis
822 1287 1100 1335 fictionumque
1125 1288 1331 1331 sumtibus,
1357 1289 1460 1324 nihil

164 1340 268 1376 aliud
289 1341 394 1375 Plato
413 1338 569 1385 probare
590 1337 734 1379 voluit,
762 1336 833 1373 nifi
851 1348 1026 1373 naturam
1047 1337 1260 1375 animarum
1279 1340 1462 1375 humana·

168 1405 272 1434 rum,
310 1400 347 1427 et
377 1391 572 1437 quomodo
604 1388 747 1424 factum
779 1387 842 1431 fit.
880 1398 921 1424 ut
953 1389 1106 1425 divinae
1138 1402 1180 1426 ac
1212 1389 1460 1438 sempiternae

168 1443 350 1480 notiones
368 1441 487 1485 (ὶὸεαι)
513 1441 590 1476 illis
616 1439 690 1475 lese
711 1449 775 1475 aut
800 1440 939 1475 intime
959 1450 1023 1476 aut
1047 1441 1172 1476 obiter
1195 1441 1458 1487 imprefl'erint.

169 1498 215 1530 In
236 1494 296 1529 his
316 1502 439 1534 autem
459 1496 608 1537 poetam
628 1490 900 1536 a‘ghilosopho
922 1491 1085 1536 separare
1106 1490 1257 1526 difficile
1274 1489 1324 1527 est
1344 1491 1459 1534 factu,

172 1553 210 1580 et
235 1543 311 1579 fere
334 1541 520 1587 ejusmodi
540 1552 596 1574 res
618 1539 687 1582 est,
714 1548 757 1573 ut
774 1538 800 1573 fi
827 1539 990 1575 formam
1011 1550 1047 1574 et
1066 1550 1245 1576 ornatum
1263 1542 1461 1589 poeticum

170 1595 320 1637 demas,
349 1603 463 1640 pauca
491 1599 640 1626 tantum
668 1589 813 1636 reliqua
848 1589 939 1633 (inf,
972 1602 1066 1637 quae
1093 1604 1164 1637 pro
1196 1604 1280 1632 vera
1307 1593 1463 1628 materie

169 1645 299 1681 haberi
324 1640 476 1690 queant.
500 1660 543 1669 —-·
598 1640 733 1675 Eadem
756 1640 832 1675 fere
851 1653 908 1676 res
929 1640 978 1676 est
996 1642 1038 1676 in
1064 1641 1260 1689 Sympofio
1281 1642 1347 1678 ubi
1369 1643 1462 1678 Dio-

171 1696 305 1731 timam
329 1691 536 1728 fabulosam
557 1699 669 1738 atque
691 1691 897 1737 mythicam
920 1692 1071 1727 Amoris
1095 1693 1284 1740 originem
1308 1704 1462 1727 narran-

172 1754 249 1781 tem
282 1744 404 1793 fingit.
457 1743 560 1778 Hinc
588 1742 731 1777 factum
757 1740 826 1784 est,
854 1750 897 1776 ut
920 1743 1044 1780 oratio
1070 1743 1233 1778 Platonis
1268 1742 1462 1778 interdum

171 1795 329 1842 liquida
349 1803 460 1840 atque
483 1794 595 1840 plana
614 1792 721 1834 fluat,
750 1793 942 1828 interdum
962 1805 1052 1830 vero
1071 1794 1114 1828 in
1140 1792 1335 1830 altiffimos
1357 1793 1466 1829 fabu-

173 1848 297 1882 larum
331 1853 370 1879 et
410 1843 614 1878 fictionum
648 1842 806 1879 reoeffus
840 1843 988 1888 redeat,
1032 1856 1097 1890 per
1130 1856 1227 1891 quos
1262 1844 1464 1881 acerrimus

184 1962 187 1964 μ
219 1983 271 2019 ¹7)
294 1982 334 2013 T.
345 1959 413 2011 ¹111.
435 1989 467 2019 p.
483 1977 544 2018 246
562 1976 631 2018 sqq·

245 2112 261 2126 Ο
