1836 2410
1444 183 1469 219 9

171 277 247 302 una
278 278 371 312 >cnm
406 268 531 305 schola
568 267 712 314 perii-ez
749 264 791 302 id
814 266 917 315 quod
947 277 1073 303 revera
1099 268 1271 306 Platonis
1309 282 1462 319 quoque

169 317 313 352 ethicae
336 318 483 357 accidit.
538 318 740 356 Meliorem
763 316 883 365 igitur
906 317 1006 352 haud
1033 317 1148 354 dubie
1170 319 1271 355 viam
1294 321 1459 358 christus

167 366 351 415 ingress'us
386 367 456 412 est,
495 369 565 416 qui
597 379 617 403 a
641 366 789 414 populi
829 367 939 403 turba
975 366 1190 414 profectus,
1239 370 1330 406 huic
1371 382 1459 408 ante

165 415 296 454 omnia
325 419 492 456 veriores
517 418 766 466 purioresque
795 429 921 454 rerum
945 418 1065 464 atque*
1083 416 1301 457 officiorum
1329 423 1461 458 notio·

162 479 254 509 nes,
290 467 550 515 sinceramque
572 468 754 504 virtutem
791 467 1013 504 tradendam
1055 467 1125 503 effe
1153 470 1356 514 censuerit,
1384 472 1458 507 mi-

158 518 265 554 nime
301 518 504 564 dubitans,
555 518 651 569 quin
687 518 825 554 deinde
856 517 980 567 magis
1020 518 1215 567 magisque
1253 520 1455 570 principiis

157 569 237 605 suis
266 568 308 604 in
333 571 451 619 vulgo
487 570 720 621 propagatis,
746 569 934 605 doctiores
964 568 1080 606 etiam
1103 570 1277 608 homines
1307 582 1344 608 et
1370 574 1455 620 phi-

155 617 311 664 losophi
338 619 405 655 illa
440 620 607 668 benigne
632 631 676 654 ac
711 619 844 666 sponte
871 620 1062 665 accepturi
1101 620 1230 658 effeut.
1274 618 1362 658 ‘Nec
1391 636 1454 658 ex—

155 664 366 718 pectationi
395 669 579 708 success'us
618 669 755 708 defuit.
816 669 1074 719 Quamobrem
1108 672 1297 708 Servatori
1324 671 1452 711 nostro

156 718 335 767 magnam
370 721 577 768 sapientiae
613 729 651 756 et
692 727 832 756 rerum‘
861 720 1143 768 intelligentiae
1173 734 1261 767 prae
1294 724 1454 760 Platone

155 768 419 814 praestantiam
461 770 751 815 adjudicandam
798 769 867 806 ess'e
908 769 1056 809 censeo.
1126 771 1287 807 Fortass‘e
1323 781 1454 809 tamen

156 819 297 867 aliquis
331 832 414 857 non
436 819 529 867 ,fine
563 820 688 868 aliqua
724 820 889 867 speciosa
930 820 1082 857 ratione
1120 820 1285 867 objicere
1317 822 1458 870 possen·

137 865 237 917 trem
267 869 372 907 istam
410 870 711 919 pofitam·fuiffe
745 872 788 907 in
817 882 945 907 rerum
984 882 1027 906 ac
1063 880 1281 917 temporum
1315 874 1451 914 condi·

153 920 273 957 tione.
327 926 455 971 Quum
485 921 589 958 enim
613 922 715 958 inter
741 922 904 963 Judaeos
924 920 1112 957 Pharisaei
1140 920 1183 957 in
1212 923 1347 970 populi
1371 932 1452 960 tur-

153 971 260 1015 bam,
288 972 390 1010 inter
409 977 567 1010 Graecos
596 983 722 1009 autem
738 971 929 1020 sophistae
951 971 995 1007 in
1023 972 1194 1009 eruditos
1212 972 1451 1020 potissimum

151 1022 330 1060 homines
372 1024 452 1060 vim
490 1024 595 1060 suam
635 1023 854 1068 damnosam
899 1022 1155 1065 exercuerint,
1199 1023 1301 1059 nihil
1340 1024 1452 1062 fuiss'e

148 1074 269 1122 magis
296 1074 338 1109 in
365 1082 547 1123 reatque
581 1083 718 1111 natura
745 1072 930 1121 potitum,
963 1085 1077 1121 quam
1114 1082 1157 1109 ut
1191 1085 1211 1108 a
1251 1074 1448 1124 principio

148 1123 315 1161 Christus
343 1125 387 1160 in'
415 1126 566 1173 plebem
591 1127 700 1162 Plato
727 1137 818 1162 vero
842 1125 887 1162 in
911 1124 1160 1173 philosophos
1186 1124 1360 1162 animum
1384 1126 1454 1163 ad-

149 1176 326 1218 verterit,
363 1188 435 1211 nec
469 1176 677 1212 secundum
705 1175 904 1212 consilium
936 1185 974 1211 et
1002 1175 1344 1221 exspectationem,
1383 1177 1449 1214 sed

144 1222 256 1261 forte
277 1220 435 1261 fortuna
471 1224 616 1260 factum
648 1224 738 1266 effe,
773 1232 816 1259 ut
856 1224 1000 1259 ethicae
1033 1223 1264 1261 Christianae
1293 1226 1445 1273 junior,

143 1274 308 1322 amplior
339 1275 558 1323 diutiusque
579 1275 728 1310 durans
753 1282 865 1321 quam
881 1274 1113 1315 Platonicae
1142 1274 1183 1311 in
1203 1275 1358 1313 'animos
1376 1278 1445 1313 ho·

142 1325 293 1362 minum
314 1326 372 1363 vis
396 1325 613 1374 contigerit.
667 1323 823 1361 Etiamsi
843 1325 935 1361 haec
952 1324 1091 1372 aliquis
1107 1324 1286 1370 objiciat,
1314 1335 1444 1364 tamen

141 1375 243 1412 nihil
267 1376 359 1412 inde
386 1377 567 1412 meritum
594 1373 732 1412 christi
759 1375 881 1422 capiet
909 1374 1144 1411 detrimenti.
1196 1375 1445 1415 Manifestum

142 1427 247 1462 enim
282 1421 352 1469 est',
395 1436 433 1462 et
464 1427 684 1474 expluribus
710 1426 798 1467 Jesu
832 1424 948 1485 ipfius
976 1425 1089 1462 dictis
1116 1425 1164 1472 ⁸)
1196 1436 1315 1473 patet,
1354 1441 1444 1466 eum.

139 1488 273 1513 omnes
292 1477 471 1513 homines
489 1479 593 1513 nulla
610 1477 706 1512 facta
724 1485 958 1521 exceptione,
977 1475 1150 1511 doctrina
1170 1475 1235 1511 sua
1252 1477 1295 1511 in
1315 1489 1441 1515 unum

138 1526 372 1575 conjungere
400 1538 553 1575 gregem
578 1524 747 1562 voluiffe.
811 1524 925 1575 Quod
959 1533 1085 1566 autem
1128 1523 1156 1560 fi
1192 1526 1272 1573 ipse
1301 1528 1437 1573 voluit,

137 1575 254 1624 ipsius
283 1577 504 1626 sapientiae,
538 1588 610 1613 nee
635 1575 737 1612 casui
759 1574 1007 1617 tribuendum
1034 1574 1105 1620 eft,
1140 1576 1245 1626 quod
1270 1589 1353 1615 eam
1378 1578 1438 1616 in-

93 1672 95 1674 v
137 1627 278 1676 gressus
307 1627 357 1665 est
375 1629 497 1674 viam,
524 1639 598 1676 qua
614 1638 742 1664 revera
769 1626 853 1663 voti
882 1626 943 1662 sui
961 1634 1071 1674 atque
1102 1626 1251 1663 confini
1278 1640 1437 1677 compca

135 1673 258 1715 factus
280 1678 338 1719 fit.
389 1679 561 1729 Quisque
585 1677 727 1727 igitur,
756 1677 814 1713 uti
839 1677 967 1720 volet}
993 1686 1115 1724 ponat
1139 1678 1337 1728 Platonem
1365 1689 1433 1717 aut

133 1728 384 1777 philosophos
419 1738 588 1779 tantum,
634 1738 713 1778 aut·
733 1729 874 1778 vulgus
905 1739 1055 1777 quoque
1093 1739 1158 1776 per
1182 1728 1434 1777 philosophos

133 1780 334 1815 emendare
360 1789 398 1816 et
423 1781 557 1818 docere
588 1779 828 1828 ethicamque
855 1778 961 1815 suam
991 1778 1241 1817 universalem
1276 1780 1432 1819 reddere

131 1829 305 1875 voluiffe,
333 1828 479 1868 christo
506 1830 655 1878 semper
673 1830 799 1879 major
824 1838 890 1871 aut
906 1829 1116 1871 voluntatis
1135 1838 1203 1869 aut
1224 1829 1432 1879 sapientiae
1496 1865 1498 1867 .

176 1965 211 2003 8)
231 1963 351 2012 Matth.
374 1966 432 2004 28,
454 1971 504 2005 ²9-
568 1978 577 1981 s
964 2011 996 2045 B
