1836 2410
342 172 366 205 3

345 261 541 310 probeque
572 257 796 295 vivendum.
859 259 951 292 Non
984 256 1198 293 doctrinam
1231 257 1463 307 philo-sopho
1497 270 1650 298 tantum

346 310 637 360 intelligendam
660 310 806 344 tradere
822 308 970 351 voluit,
1001 307 1062 343 sed
1090 320 1148 344 eas
1166 309 1347 353 virtutes,
1381 323 1497 358 eaque
1518 312 1649 348 officia.

348 372 385 398 et
408 361 546 410 agendi
574 369 769 407 praecepta
798 359 945 398 docuit,
974 370 1070 405 quae
1094 371 1227 395 omnes
1251 358 1363 395 facile
1387 363 1518 399 animo
1546 375 1647 399 com.

346 413 645 461 prehenderent,
676 411 891 457 quibusque
913 408 1069 444 servatis
1097 421 1231 445 omnes
1252 410 1373 445 animi
1393 414 1649 458 tranquillita—

346 473 424 499 tem
451 473 656 508 veramque
683 460 904 495 felicitatem
929 459 1252 495 nanciscerentur.
1305 464 1434 509 Neque
1460 474 1549 498 vero
1577 464 1650 498 uni
1679 495 1684 498 .

348 514 499 550 cuidam
533 513 704 559 populo,
738 511 799 546 vel
834 509 986 549 judaeis
1023 509 1258 556 potissimum
1291 512 1503 548 doctrinam
1543 513 1650 550 suam.

347 563 572 609 destinavit,
606 563 667 598 sed
702 561 775 597 toti
804 560 935 609 generi
962 562 1132 596 humano
1166 562 1331 598 servator
1363 573 1399 599 et
1429 574 1649 611 praeceptor

346 616 416 650 ess‘e
438 615 588 655 voluit3
629 614 757 658 itaque
794 611 956 646 ethicam
992 611 1097 644 suam
1128 611 1177 645 ab
1210 613 1321 647 omni
1358 614 1467 651 civiti
1500 614 1649 650 institu-

345 666 455 703 tione
483 665 758 711 civitatumque
782 661 930 711 legibus
954 659 1151 708 separavit.
1596 683 1598 685 -

937 774 974 817 §-
1029 784 1067 819 3.

448 857 531 894 Jam
568 852 641 886 hoc
670 848 788 884 modo
822 847 994 895 exposito
1026 848 1124 892 fine,
1166 861 1242 896 quo
1279 850 1380 885 Piato
1416 857 1453 885 et
1485 848 1648 887 Christus

346 904 489 942 ethicas
528 903 611 938 suas
646 898 933 944 constituerint,
970 898 1095 936 suavis
1122 900 1293 936 exoritur
1326 900 1523 949 utriusque
1548 913 1650 939 com-

345 955 524 1005 paratio,
574 953 725 999 jamque
768 951 809 984 in
861 951 919 985 his
960 961 1142 999 magnum
1194 952 1387 1000 detegetur
1428 952 1649 991 discrimen.

348 1005 532 1054 Quamvis
561 1004 666 1038 enim
695 1011 849 1047 uterque
877 1000 1055 1047 homines
1084 1014 1104 1036 a
1129 1001 1228 1037 falfis
1256 1002 1512 1051 opinionibus
1538 1012 1650 1051 atquc

344 1054 549 1105 principiis
567 1054 746 1097 liberare,
761 1048 989 1097 ‘temporum
1011 1051 1507 1098 depravationi-‘occurrere,
1536 1063 1650 1101 atque

345 1108 453 1144 firma
482 1103 692 1152 principia,
728 1114 930 1150 veramque
958 1103 1112 1139 virtutis
1141 1104 1243 1139 viam
1275 1102 1468 1141 ostendere
1498 1114 1536 1141 et
1565 1118 1650 1141 mu-

345 1158 432 1194 nire
464 1155 668 1195 studuerit,
696 1163 824 1189 tamen
854 1153 935 1198 pari
961 1154 1080 1191 modo
1108 1154 1201 1188 illud
1229 1167 1311 1189 non
1341 1155 1473 1191 fecere.
1526 1158 1650 1194 Plato-

346 1208 410 1243 nis
440 1206 543 1241 enim
574 1204 809 1249 temporibus
836 1204 1077 1245 cruditorum
1100 1213 1137 1238 et
1164 1204 1312 1239 altioris
1339 1205 1418 1240 loci
1443 1206 1650 1243 hominum

345 1269 472 1294 mores
509 1264 546 1290 et
581 1253 809 1300 opiniones,
846 1250 1029 1297 Sophistis
1061 1252 1303 1296 auctoribus,
1338 1251 1650 1299 majore-affecta

346 1316 455 1343 erant
487 1306 572 1341 labe
606 1316 720 1352 quam
753 1302 893 1348 reliqui
932 1302 1088 1347 populi,
1127 1309 1172 1338 at*
1204 1316 1294 1340 vero
1333 1317 1455 1352 qnum
1482 1305 1649 1345 Christus

346 1357 539 1404 prodiret,
577 1354 780 1388 inferiores
808 1351 1044 1398 potiss'imum
1081 1351 1217 1399 populi
1246 1356 1380 1395 judaei
1412 1357 1591 1394 homines
1627 1372 1649 1396 a

345 1406 554 1444 Pharisaeis
589 1405 629 1439 in
657 1403 765 1439 falsas
793 1402 1022 1448 opiniones,
1053 1402 1265 1451 falsamque
1296 1407 1433 1453 agendi
1456 1408 1649 1446 rationem

343 1458 501 1494 abducti
530 1464 647 1491 erant.
703 1458 788 1501 Quo
817 1453 959 1487 factum
991 1451 1059 1495 est,
1095 1456 1138 1488 ut
1164 1456 1256 1490 alter
1283 1456 1452 1491 eruditos
1478 1466 1515 1491 et
1540 1460 1650 1496 altio-

344 1510 403 1544 ris.
426 1507 622 1555 indaginis
660 1504 841 1539 homines
878 1501 1112 1548 potiffimum
1147 1503 1216 1539 fibi
1250 1505 1412 1542 sumeret
1438 1507 1647 1554 docendos,

345 1560 439 1594 alter
464 1568 556 1593 vero
582 1555 719 1601 populi
742 1562 886 1600 partem
923 1553 1052 1589 minus
1075 1554 1227 1590 cultam'
1246 1566 1334 1592 ante
1357 1558 1490 1593 omnia
1519 1572 1649 1596 emen-

347 1610 435 1644 dare
452 1609 579 1646 vellet.
633 1608 782 1641 Doctos
809 1604 875 1638 ille
893 1603 1102 1651 Sophistas,
1129 1607 1331 1652 populares
1356 1608 1419 1641 hic
1435 1609 1648 1648 Pharisaeos

337 1658 551 1706 redarguit.
606 1654 714 1690 Licet
729 1666 820 1690 vero
850 1654 1121 1698 concedamus,
1147 1656 1187 1688 id
1216 1656 1321 1703 quod
1346 1656 1494 1694 fortasse
1516 1672 1647 1698 verum

345 1709 415 1752 est,
443 1710 643 1746 Platonem
669 1705 709 1739 id
737 1703 971 1751 potiffimum
1001 1703 1129 1752 egiffe‚
1158 1714 1201 1740 ut
1228 1718 1248 1741 a
1269 1707 1391 1742 doctis
1419 1709 1645 1750 hominibus

345 1760 559 1807 incipiens,
596 1756 747 1804 reliquo
778 1755 891 1791 etiam
922 1757 1068 1802 populo
1095 1756 1294 1801 paullatim
1328 1761 1474 1795 veriora
1501 1763 1647 1808 princi-

346 1812 411 1858 pia
435 1808 667 1855 impertiret,
699 1819 818 1841 nemo
836 1816 962 1841 tamen
989 1805 1143 1840 historia
1163 1817 1200 1841 et
1222 1810 1452 1854 experientia
1475 1813 1647 1861 edoctus,

347 1860 577 1898 contendet,
626 1866 726 1892 recta
772 1857 884 1892 illum
921 1857 991 1891 hac
1030 1856 1073 1890 in
1117 1869 1156 1892 re
1187 1858 1249 1894 via
1299 1862 1514 1905 proiectum
1561 1856 1647 1905 effe.-

348 1911 537 1950 Omnium
570 1907 673 1943 enim
715 1917 928 1954 temporum
974 1905 1128 1944 historia
1164 1910 1373 1957 probatur,
1418 1913 1645 1961 doctrinam,

348 1976 446 2011 quae
475 1961 521 1996 ab
545 1959 661 1993 initio
688 1958 928 2005 philosophis
959 1968 1108 1994 tantum
1138 1970 1175 1995 et
1204 1962 1328 1999 doctis
1358 1964 1513 1999 auribus
1538 1965 1647 2002 desti-

347 2023 437 2050 nata
475 2010 616 2054 fuerit,
658 2019 858 2057 nunquam
893 2021 913 2044 e
948 2008 1086 2045 scholis
1122 2009 1302 2062 invulgus
1330 2015 1547 2064 propagari,¹
1580 2017 1646 2055 sed
