1836 2410
259 230 302 253 IV

258 324 303 351 ut
320 325 446 351 veram
471 310 587 360 ipfius
606 320 774 348 mentem
793 308 868 346 nist
892 308 1026 346 affidua
1049 308 1248 357 diligentia
1273 319 1311 345 et
1337 311 1564 348 acerrimum

260 365 465 413 ingenium
497 363 670 399 divinare
699 375 781 398 non
805 359 922 408 poffit.
977 361 1236 397 Nihiloseciua
1255 362 1315 396 vel
1339 374 1488 408 parvas,
1510 374 1568 398 ra-

261 424 340 455 tus,
366 414 486 455 vires,
514 413 541 447 fi
560 413 679 448 modo
702 424 789 447 cum
812 411 934 446 studio
956 421 993 445 et
1016 412 1214 458 diligentia
1244 414 1496 454 tentaverint,
1529 420 1568 446 et

260 465 302 500 in
322 462 688 512 magno'conamine
716 461 844 497 saltem
865 460 1010 508 aliquid
1031 460 1101 496 effe
1127 459 1381 508 profecturas,
1408 461 1568 509 ipsoque

261 515 448 551 tentando
482 513 678 556 roborari,
721 512 882 550 minime
927 513 1127 559 inceptum
1173 524 1269 559 opus
1310 512 1568 557 abjiciendum

260 565 414 612 putavi,
449 564 513 599 sed
541 561 802 611 qualicunque
836 561 998 596 success'u
1035 561 1321 606 perficiendum.
1385 567 1516 608 ltaque
1542 560 1569 595 fi

259 615 353 661 quid
373 623 439 649 aut
458 612 756 661 praetermifiii'e,
784 621 848 647 aut
869 620 912 645 ut
939 612 982 645 in
1003 620 1105 645 tanta
1126 623 1166 645 re
1185 612 1313 647 minus
1343 610 1570 646 intellexiss'e

258 664 362 699 virus
397 663 485 706 fim,
529 665 619 699 dum
645 676 695 698 ne
727 662 891 698 studium
923 670 960 696 et
990 660 1190 707 diligentia
1222 661 1467 704 demeretur,
1507 673 1568 695 me

264 717 420 755 eorum.
458 714 527 761 qui
560 714 695 749 harum
727 724 852 748 rerum
885 710 975 746 sunt
1001 710 1130 758 gnari,
1169 712 1319 747 veniam
1348 711 1418 747 ess‘e
1452 712 1569 757 impe-

262 773 473 809 traturum,
499 764 602 800 haud
628 763 797 810 despero.
1017 783 1021 787 ·

890 853 938 886 11.

365 915 411 948 In
438 920 518 948 tota
537 924 629 949 vero
649 910 918 959 disquisitione
942 924 1025 948 non
1052 912 1095 947 in
1122 912 1311 961 agendum
1330 913 1428 949 mihi
1447 914 1571 950 visum

264 961 335 1005 est.
362 971 406 998 ut
423 962 551 999 denuo
568 963 725 1000 moralis
745 960 879 998 christi
901 972 938 997 et
955 961 1226 1010 Apostolorum
1248 964 1420 1002 doctrina
1441 977 1571 1013 recog-

262 1022 504 1055 nosceretur,
533 1025 653 1061 quum
677 1013 853 1047 omnium
873 1013 1046 1048 virorum
1066 1013 1276 1053 doctorum
1295 1015 1337 1049 in
1361 1015 1422 1051 his
1441 1024 1571 1052 tantus

261 1064 308 1098 fit
330 1063 556 1105 consensus,
584 1073 627 1098 ut
642 1062 669 1098 Ii
689 1063 872 1108 quaedam
891 1062 1033 1111 lingula
1051 1075 1191 1111 eaque,
1215 1076 1311 1111 quae
1326 1065 1475 1110 dicunt,
1500 1078 1568 1112 po-

260 1111 377 1150 Iitiva,
395 1113 586 1160 excipias,
619 1112 726 1149 nulla
757 1112 836 1147 iere
863 1111 908 1147 fit
938 1113 1112 1149 doctrina
1145 1114 1190 1149 de
1223 1126 1295 1162 qua
1324 1124 1569 1151 utrum-vere

263 1161 474 1198 christiana
501 1163 545 1199 fit
567 1175 708 1203 necne,
746 1163 950 1209 quisquam
974 1163 1147 1199 dubitare
1176 1173 1299 1211 queat.
1365 1166 1436 1201 Sed
1472 1166 1570 1207 illud

264 1211 404 1247 summi
421 1213 612 1248 momenti
637 1210 708 1251 est,
745 1220 789 1246 ut
809 1212 981 1247 Platonis
1008 1213 1169 1248 ethicam
1196 1214 1322 1249 denuo
1350 1226 1396 1248 ex
1420 1215 1570 1260 scriptis

262 1260 379 1308 ipsius
395 1263 644 1312 recognitam.
662 1261 896 1297 enucleatam
916 1270 953 1296 et
967 1262 1340 1311 probatamquisque
1356 1264 1561 1310 perspiciat

260 1321 299 1346 et
317 1312 531 1361 intelligat,
560 1314 683 1358 quali„
716 1310 757 1337 n.
782 1311 860 1341 ‚juo
878 1312 976 1356 ι-ἒιῑιο
996 1308 1043 1334 ad
1062 1312 1142 1359 v-lm
1162 1306 1309 1353 ‘spi-⁰⁸⁵
1332 1308 1562 1358 sarlatense,

260 1371 357 1403 quau
375 1363 417 1388 ln
448 1352 667 1387 uulversum
698 1360 768 1394 pro
794 1356 948 1394 cogmta
975 1352 1230 1393 omnibusque
1248 1347 1405 1393 probata
1433 1349 1565 1384 haben

254 1401 392 1454 potest.
446 1406 579 1451 Itaque
606 1411 689 1436 non
709 1409 806 1444 opus
827 1396 896 1433 effe
923 1395 1072 1445 putavi,
1109 1404 1152 1431 ut
1179 1404 1440 1446 utramque
1470 1399 1566 1434 ethi.

261 1467 343 1492 cam
366 1453 474 1500 prius
501 1462 751 1499 exponerem,
787 1461 899 1495 quam
923 1458 1199 1492 compararem,
1235 1445 1562 1487 sedPlatonis

262 1504 494 1540 doctrina
540 1504 592 1536 in
629 1510 817 1547 quaque
855 1510 904 1531 re
932 1497 1200 1534 ‘enucleata
1246 1506 1291 1532 et
1332 1500 1564 1544 probata,

261 1555 431 1591 statim
466 1550 677 1588 institui
713 1545 1130 1594 comparationem
1175 1557 1279 1583 cum
1323 1548 1478 1586 dictis
1520 1559 1564 1586 et

262 1604 540 1641 sententiis
562 1601 694 1638 Novi
720 1596 1069 1635 Testamenti«-

883 1686 951 1720 111.

366 1743 459 1792 Duo
480 1749 665 1801 potiffima
681 1748 779 1784 mihi
792 1747 870 1783 visa
886 1748 974 1782 sunt
993 1756 1198 1790 momenta,
1218 1759 1311 1796 quae
1328 1748 1370 1785 in
1390 1752 1562 1791 universa

268 1805 486 1855 quaestione
513 1799 751 1847 comparanti
781 1797 968 1834 obversari
998 1797 1178 1839 debeant,
1206 1800 1385 1843 alterum,
1417 1812 1460 1837 ut
1482 1804 1564 1851 ips·

267 1856 507 1903 expetitione
535 1854 740 1892 elucescat,
779 1848 854 1884 utri
879 1848 1000 1892 major
1026 1848 1205 1885 debeatur
1227 1850 1308 1887 laus
1334 1851 1376 1887 in
1404 1851 1561 1903 lingulis

267 1908 470 1947 omnibus,
499 1902 566 1937 ubi
592 1903 653 1937 vel
687 1900 797 1935 omni
829 1899 994 1944 partiu‘m
1027 1897 1151 1934 studio
1177 1900 1321 1945 abjecto
1343 1903 1563 1941 christianae

267 1957 412 1993 ethicae
444 1955 610 2002 palmam
636 1949 825 1998 ndfignare
852 1947 1081 1995 poss‘umusy
1108 1950 1265 1986 alterum
1296 1952 1391 1988 hocz
1434 1962 1563 1996 utrum

268 2019 466 2054 cogamur,
496 2003 522 2040 fi
545 2015 616 2051 qua
637 2001 781 2049 egregia
808 1998 1013 2034 fimilitudo
1040 2000 1236 2049 utriusque
1254 2003 1394 2039 ethices
1415 2006 1563 2048 emicet,

268 2058 313 2093 de
339 2065 493 2093 externa
518 2055 680 2102 quadam
706 2051 934 2098 cognatione
959 2051 1142 2099 cogitare,
1186 2063 1233 2086 εἰ)
1261 2053 1393 2099 potius
1420 2055 1560 2092 cauffae
