1836 2410
1435 175 1480 208 ¹⁵

188 280 528 330 disciplinam,
565 272 708 312 etiamfi
730 270 978 317 v'erissima‘ac
1003 267 1190 316 purissima
1218 265 1281 308 fit.
1308 274 1481 312 unquam

186 345 363 383 magnam
399 331 442 366 in
476 325 641 364 universi
675 323 868 367 cujusdam
905 320 1042 368 populi
1076 318 1267 355 tendendi
1299 328 1342 351 ac
1377 316 1481 362 cogi-

187 384 297 421 tandi
332 381 521 419 rationem
548 377 628 413 vim
662 373 732 409 effe
757 370 1056 420 adsequaturam'.
1084 388 1135 397 -
1188 367 1322 403 Potius
1351 364 1483 400 divina

188 447 285 483 opus
312 432 361 471 est
387 430 633 469 auctoritate,
670 437 740 474 qua
776 424 895 460 ethica
930 421 1096 461 nitatur.
1128 428 1171 454 ut
1207 428 1289 453 non
1314 425 1484 464 quorun-

187 488 272 521 dam
307 484 535 521 hominum,
575 478 637 513 sed
670 474 866 510 universae
897 472 1023 521 gentis
1058 471 1194 506 animis
1231 468 1485 512 moribusque

185 537 265 574 vim
303 533 488 570 salubrem
525 538 637 576 atque
665 526 862 561 durantem
897 522 1048 558 inferat.
1112 523 1242 567 Itaque
1277 530 1362 553 cum
1398 515 1484 550 reli-

185 589 302 636 gione
331 595 483 630 quoque
516 582 587 615 erit
621 575 901 624 conjungenda.
965 577 1045 613 Jam
1080 584 1171 608 vero
1196 567 1360 606 Christus
1395 578 1485 616 gau-

184 638 279 674 dens
308 635 374 670 iun
403 632 536 667 divina
560 629 803 668 auctoritate,
845 635 1027 671 tanquam
1056 623 1186 659 divina
1222 621 1392 660 oracula,
1430 617 1484 651 di-

185 687 369 732 vinasque
401 684 519 730 leges,
557 676 771 715 doctrinam
802 675 907 711 suam
945 672 1117 720 ,proferre
1154 671 1307 709 debeat,
1342 667 1366 704 fi
1398 667 1483 702 voti

185 736 409 783 consiliique
435 734 493 769 sui
517 742 676 777 compos
703 727 785 764 fieri
812 727 941 762 vellet.
997 726 1050 760 Ut
1077 722 1196 772 igitur
1222 716 1482 767 p'Hiiosophica
1532 753 1550 760 1,

184 788 414 823 deductione
445 793 482 818 et
509 779 840 828 argumentatione
867 774 1046 825 eguisset,
1083 783 1233 809 tantum
1262 769 1406 810 abfuit,
1445 776 1488 802 ut

182 835 411 887 potin-&illa
438 831 518 869 vim
543 827 739 865 'doctrinae
770 827 855 862 suae
881 825 1088 861 admodum
1111 819 1324 861 minuisset,
1367 827 1405 853 et
1432 817 1487 851 di·

184 891 275 926 vina
303 888 339 923 ei
363 886 486 924 forma
513 883 681 923 ademta,
710 879 896 915 humanae
922 875 1100 912 scientiae
1123 873 1313 921 specimen
1337 866 1486 905 induis-

185 939 249 975 set.
312 935 487 973 Dubium
521 936 625 969 enim
661 930 730 965 ess'e
763 930 933 968 videtur,
973 925 1075 972 quod
1112 921 1346 970 argumentis
1383 927 1486 966 eget:

189 987 323 1038 quodfi
351 986 455 1028 Jesus
483 980 717 1033 argumentis
746 979 905 1017 ethicam
943 976 1048 1011 suam
1083 973 1218 1008 fulcire
1246 980 1406 1006 conatus
1434 978 1490 1002 es-

187 1040 287 1083 set‚‘
307 1039 423 1075 talem
453 1048 533 1072 eam
562 1032 676 1070 nobis
713 1028 934 1072 tradidisset,
972 1027 1018 1062 de
1040 1037 1114 1073 qua
1141 1024 1262 1059 adhuc
1287 1017 1490 1069 poffit'du·

185 1090 320 1131 bstari,
339 1094 438 1123 'non
466 1099 569 1134 eam,
606 1095 701 1130 quae
729 1081 898 1115 divinam
923 1078 1098 1113 habuerit
1121 1076 1323 1123 originem.
1377 1069 1487 1117 Quis·

186 1141 271 1190 quis
298 1139 438 1188 igitur,
465 1133 652 1171 Christum
678 1131 893 1176 vituperare
917 1126 1030 1169 aufit,
1060 1126 1168 1173 quod
1193 1123 1355 1159 ethicam
1382 1121 1486 1165 suam

184 1189 448 1239 philosophica
492 1198 573 1226 non
618 1180 875 1218 sustentaverit
910 1179 1078 1218 ratione,
1131 1175 1198 1210 ille
1241 1173 1320 1219 ipie
1356 1169 1491 1205 iaudat

188 1241 421 1288 Sapientiam
450 1237 530 1281 ejus
568 1244 681 1280 atque
704 1233 881 1265 divinum
911 1226 1127 1272 ingenium.
1181 1224 1330 1272 Quibus
1360 1229 1490 1255 tamen

188 1291 370 1329 omnibus
398 1296 636 1335 nequaquam
656 1279 839 1322 efficitur,
868 1287 911 1314 ut
929 1275 1006 1312 'nec
1030 1275 1145 1311 nobis
1173 1271 1404 1319 systematica
1424 1277 1491 1305 aut

159 1340 452 1391 .philosophica
480 1337 630 1373 ratione
662 1332 847 1368 utendum
878 1328 924 1364 fit
954 1328 997 1363 in
1025 1326 1148 1364 ethica
1180 1321 1386 1359 christiana
1417 1329 1491 1355 tra·

191 1393 323 1430 denda.
376 1395 502 1427 Immo
534 1388 600 1422 illa
633 1385 686 1420 ita
722 1381 772 1418 est
799 1388 1038 1427 comparata,
1079 1385 1122 1411 ut
1148 1375 1194 1410 ad
1222 1386 1349 1410 veram
1376 1369 1490 1418 ipfius

190 1452 358 1481 mentem
386 1437 689 1488 percipiendam,
718 1432 861 1481 lingula
890 1437 1083 1478 praecepta
1111 1424 1306 1472 systemate
1332 1424 1491 1470 jungere

190 1490 333 1532 neceffe
361 1491 414 1527 fit.
446 1488 672 1532 ,Nonnulla
695 1484 797 1519 enim
826 1492 863 1518 et
880 1478 1019 1517 Christi
1048 1487 1084 1513 et
1100 1475 1366 1523 Apostolorum
1388 1484 1492 1519 prae·

193 1554 300 1593 cepta
330 1540 487 1577 moralia
525 1547 590 1572 aut
623 1533 811 1580 ambiguis
849 1540 914 1566 aut
948 1528 1121 1564 obscuris
1148 1525 1282 1561 ‚verbis
1314 1524 1404 1559 funt
1430 1535 1493 1557 ex-

194 1594 310 1645 press‘a
340 1594 412 1634 ita,
448 1598 491 1624 ut
516 1586 585 1623 nifi
612 1585 697 1629 aliis
723 1581 819 1618 locis
848 1579 1073 1627 comparatis
1101 1586 1139 1612 et
1170 1574 1368 1611 universae
1398 1574 1494 1610 ethi-

189 1660 256 1694 ces
282 1645 325 1683 vi
351 1656 394 1680 ac
420 1648 547 1676 mente
571 1636 780 1685 perspecta,
814 1644 948 1668 verum
975 1630 1068 1665 inde
1091 1627 1240 1663 sensum
1269 1626 1402 1661 elicere
1428 1637 1494 1660 ne-

196 1709 324 1748 queas.
378 1697 570 1730 Pmeterea
595 1700 685 1723 vero
712 1685 846 1728 nobis,
874 1682 942 1730 qui
966 1681 1127 1717 ethicam
1148 1676 1394 1714 Christianam
1422 1685 1494 1711 tra-

198 1750 348 1785 ditione
371 1757 413 1780 ac
446 1742 553 1783 libris
582 1737 794 1784 accepimus
831 1729 1303 1781 potissimum-cavendum
1341 1726 1411 1768 est,
1445 1739 1495 1763 ne

198 1811 294 1847 quae
320 1797 366 1831 ab
394 1803 546 1829 auctore
573 1800 751 1836 tanquam
780 1786 909 1821 divina
940 1789 1133 1831 praecepta
1161 1780 1304 1825 prolata
1331 1777 1425 1821 lint,
1454 1789 1495 1813 ea

196 1859 336 1886 temere
362 1843 488 1888 nostra
519 1841 721 1880 faciamus,
756 1840 793 1872 et
819 1847 932 1882 coeco
961 1835 1076 1869 ductu
1104 1830 1319 1877 sequamur,
1358 1829 1420 1864 sed
1453 1841 1498 1863 ex

198 1900 367 1950 ipsorum
405 1894 445 1929 vi
469 1901 598 1939 ,atque
641 1898 776 1924 natura
820 1885 1004 1934 cognosci
1051 1882 1180 1937 debet,
1226 1892 1322 1915 num
1358 1880 1525 1915 divino-

166 1952 172 1957 ’
200 1957 354 1996 auctore
371 1945 449 1981 'lint
476 1944 614 1991 digna:
641 1940 745 1988 quod
771 1948 898 1974 tamen
923 1935 1061 1973 melius
1087 1932 1170 1969 fieri
1196 1930 1351 1978 nequit,
1386 1942 1499 1978 quam

199 2001 402 2048 Systemate
432 1994 511 2030 illis
536 1990 755 2037 coniunctis
779 1998 816 2025 et
839 2000 884 2024 ex
910 1984 1095 2024 altiffimis
1122 1984 1309 2018 humanae
1335 1982 1498 2016 rationis

200 2051 315 2088 caufis
342 2045 525 2095 repetitis.
