1836 2410
1452 138 1501 181 65

204 242 366 289 juvetur.
432 244 585 278 Doeent
612 246 808 288 praeterea
828 239 1027 275 hominem
1061 239 1225 286 probum
1254 248 1291 275 et
1316 240 1511 278 virtutem.

200 294 404 334 sectantem
438 290 632 329 certiffime
654 290 815 338 sperare
847 289 949 339 poffe
982 288 1086 335 fore,
1119 299 1163 326 ut
1190 303 1286 338 quae
1305 291 1388 340 ipti
1424 291 1499 329 unt

202 341 399 381 necess'aria‘
425 353 665 395 externarum
694 353 839 386 retum,
874 353 916 378 ea
941 344 1046 377 Deus
1076 337 1255 390 largiatur
1281 344 1364 390 ⁵⁴),
1407 354 1446 388 et
1471 343 1499 380 fi

206 395 300 444 quid
320 392 421 431 mali
448 389 618 441 evenerit
642 392 684 427 id
716 391 839 439 ipsum
866 392 910 430 in
942 392 1185 428 commodum
1214 402 1328 441 atque
1355 395 1500 431 utilita-

202 457 294 483 tem
305 447 347 494 ip
349 445 421 483 flua
442 437 539 481 olim
557 452 755 487 convertat
777 444 850 489 ⁵³),
901 444 1033 480 Solum
1053 443 1155 479 enim
1175 443 1319 481 illum
1307 458 1349 482 ιιι
1369 458 1499 484 amore

195 506 236 533 et
263 495 547 532 benevolentia·
559 494 634 529 Dei
662 492 896 529 certiffimam
922 506 1064 539 ponere
1083 485 1189 539 *poss‘e
1211 495 1450 532 fiduciam..

287 557 333 589 -.5
378 546 555 593 Denique
592 544 695 580 idem
741 544 838 578 illud
870 543 1050 579 solatium
1088 552 1260 580 aeternae
1295 544 1496 584 felicitatis

195 595 377 639 miseris
361 595 491 644 iisque
514 594 646 644 probis
674 595 826 642 piisque
849 593 1075 630 hominibus
1110 605 1177 641 per
1204 595 1363 633 ethicam
1381 598 1497 634 chri·

196 647 352 685 ftianam
379 645 555 689 affertur,
589 656 626 682 et
651 646 845 682 [nmmum
880 645 922 680 in
950 645 1020 681 illo
1047 646 1211 691 ponitur
1237 658 1493 687 momentum.

196 699 270 735 Hie
305 696 487 735 omnibus
521 707 647 736 autem
684 696 860 739 efficitur,
904 695 1027 732 solum
1063 696 1175 731 illum
1211 698 1279 743 qui
1313 699 1495 736 virtutem

199 750 359 791 sectatus
385 748 451 793 lit,
468 754 574 785 vera
596 744 759 796 gaudere
788 747 989 791 felicitate,
1025 747 1066 783 id
1090 746 1194 795 quod
1219 749 1328 785 Plato
1365 751 1495 788 eadem

195 801 237 838 vi
263 810 300 837 et
325 798 511 835 industria
535 798 678 834 studuit
702 799 871 845 probare.
1397 820 1401 822 >

300 854 349 886 11.
401 847 589 898 Quamvis
618 862 709 885 vero
736 850 826 885 haee
852 850 894 886 in
919 848 1136 884 universum
1166 850 1314 898 egregie
1336 851 1493 889 consen-

197 901 271 937 tire
296 901 514 941 videantur,
543 908 670 935 tamen
693 900 743 934 in
759 899 917 948 lingulis
935 898 962 934 fi
984 900 1113 946 paullo
1132 900 1246 935 altius
1266 900 1491 947 spectavetia

196 950 378 988 diversam
403 947 657 996 deprehendes
680 950 877 989 rationem.

303 1014 335 1038 1.
380 1000 532 1036 Etenim
566 1005 700 1035 verum
736 999 805 1042 est,
854 998 1103 1036 christianam
1136 1012 1291 1047 quoque
1325 1001 1489 1038 ethicam

194 1052 385 1101 summum
422 1049 599 1086 tribuiffe
628 1049 870 1087 momentum
906 1049 1084 1086 felicitati
1118 1051 1177 1093 ei,
1224 1063 1337 1098 quam
1372 1051 1488 1099 ipfiua

192 1103 349 1139 virtutis
375 1112 510 1138 natura
544 1102 740 1149 praebeat,
772 1101 919 1138 diverso
952 1109 1080 1136 tamen
1115 1112 1136 1137 a
1163 1102 1321 1138 Platone
1356 1103 1490 1142 modo.

186 1157 292 1194 ¹Nam
321 1154 434 1200 plane
457 1152 538 1188 fere
563 1154 734 1200 ignorat.
761 1164 841 1187 eam
868 1152 1091 1187 felicitatem
1111 1164 1206 1199 quae
1223 1165 1271 1188 ex
1290 1154 1491 1190 harmonia

194 1213 232 1239 et
257 1212 448 1239 concentu
476 1201 707 1248 lingularum
734 1203 883 1238 animae
911 1201 1077 1247 partium
1107 1203 1287 1246 prodeat,
1310 1203 1384 1238 'sed
1407 1215 1489 1246 οιιι-

191 1265 280 1288 nem
317 1252 539 1288 felicitatem
576 1245 712 1286 inrtuti
753 1251 944 1298 propriam
976 1251 1123 1298 quaerit
1166 1251 1209 1286 in
1248 1253 1510 1291 conscientia*

190 1303 304 1345 recti,
333 1311 370 1338 et
392 1302 435 1336 in
457 1313 498 1336 ea
518 1301 793 1348 tranquillitate
810 1302 950 1343 animi,
987 1312 1083 1347 quae
1105 1313 1153 1345 σᾳ
1174 1301 1369 1338 eertiffima
1390 1303 1487 1339 fidu-

190 1354 248 1390 cia
276 1351 415 1389 ditione
448 1351 736 1388 benevolentiae
766 1361 952 1389 nascatur.
1002 1354 1134 1398 Neque
1167 1352 1258 1387 haec
1284 1365 1342 1389 rea
1378 1353 1488 1390 aliter

188 1404 320 1452 potuit
344 1402 423 1438 ess'e.
476 1400 797 1450 Quandoquidem
822 1402 945 1444 enim,
975 1400 1017 1435 id
1039 1402 1143 1448 quod
1174 1402 1284 1450 supra
1310 1404 1485 1450 probavi·

188 1466 297 1498 mua,
329 1452 480 1488 Platoni
498 1452 573 1502 fuit
596 1465 721 1499 neque
743 1454 784 1487 in
806 1454 947 1487 virtute
970 1452 1083 1487 notio
1101 1450 1224 1486 officii
1242 1465 1326 1500 erga
1355 1457 1482 1492 Deum

187 1500 419 1551 praestandi,
452 1513 576 1548 neque
604 1502 696 1536 adeo
722 1501 766 1536 in
792 1499 995 1537 vitiositate
1020 1501 1131 1536 notio
1157 1503 1350 1550 neglectae
1381 1505 1480 1555 legis

187 1554 361 1596 divinae,
396 1552 459 1587 cui
481 1551 667 1598 divinitus
695 1563 840 1596 poenae
870 1551 1120 1594 immineant,
1154 1552 1229 1597 jam
1263 1553 1398 1601 sponte
1427 1556 1481 1594 se·

191 1605 342 1651 quitur,
376 1611 421 1637 ut
445 1614 516 1637 nec
536 1601 582 1636 de
612 1602 841 1638 cruciatibus
868 1602 1127 1638 conscientiae
1152 1604 1244 1639 mali
1267 1605 1481 1645 sermonem

187 1654 350 1698 injicere
370 1652 546 1699 potuerit.
600 1652 803 1704 Quisquis
817 1653 921 1688 enim
955 1664 1002 1687 ex
1027 1652 1212 1689 sententia
1232 1655 1400 1693 Platonis
1428 1657 1480 1694 est

186 1704 381 1753 improbus
409 1711 460 1739 et
471 1699 640 1738 scelestus
666 1698 808 1748 homo,
841 1703 906 1738 ille
932 1702 1095 1739 minime
1120 1704 1239 1748 vidit,
1268 1705 1309 1742 in
1335 1706 1480 1744 virtute
1525 1737 1528 1740 Δ

184 1755 263 1792 sola
289 1766 415 1790 veram
442 1751 599 1801 pofitam
627 1752 698 1789 effe
728 1753 971 1801 felicitatem,
1006 1765 1044 1792 et
1077 1756 1121 1792 in
1144 1755 1348 1796 vitiositate
1377 1758 1487 1831 [um-

184 1898 283 1940 54)
304 1896 423 1930 Matth.

225 1941 279 1978 55)
300 1933 583 1974 Rom.V111,28.
605 1934 679 1965 coll.
702 1933 740 1967 11,
761 1942 808 1968 ce
825 1939 905 1963 nota
924 1941 993 1973 151.

959 1993 980 2026 1
