1836 2410
387 234 433 268 18

389 333 542 360 tantum
569 325 703 360 oculus
729 324 928 359 veritatem
962 322 1142 373 indagare
1172 322 1293 371 poffit.
1356 324 1428 360 Sed
1465 334 1694 372 quamquam

389 375 482 411 haec
515 375 567 410 ita
601 375 638 410 se
672 374 859 416 habeant,
895 381 1022 410 tamen
1056 384 1169 422 puto.
1192 373 1463 422 Philosophum
1501 375 1548 410 ab
1582 373 1694 409 omni

389 426 600 474 opprobrio
624 425 694 463 effe
720 426 973 462 liberandum.
1029 430 1121 463 Non
1141 427 1245 463 enim
1272 427 1416 474 semper
1442 425 1691 473 philosophus

389 477 461 513 effe
490 478 636 521 voluit,
675 477 736 512 sed
764 489 880 525 quum
908 478 1060 513 nobiles
1086 477 1368 514 Atheniensium
1402 477 1559 522 juvenes
1587 476 1693 524 frigi-

390 528 457 563 dae
484 527 749 575 philosophiae
773 539 904 574 parum
924 528 1099 564 adsuetos
1122 530 1272 565 allicere
1288 530 1422 570 vellet,
1450 539 1516 574 per
1543 527 1691 574 elegan-

389 587 466 613 tem
496 579 603 614 illam
632 580 815 619 formam,
852 577 956 614 suam
984 579 1269 626 philosophiam
1296 579 1460 617 maxime
1483 578 1561 613 illis
1587 589 1689 613 com·

386 629 606 675 mandavit,
634 627 758 677 neque
784 629 918 664 timere
944 629 1094 671 debuit,
1122 641 1172 664 ne
1189 642 1285 676 quae
1311 630 1396 666 ficta
1424 628 1554 664 haberi
1573 628 1687 663 vellet

384 690 456 725 pro
484 692 572 715 vera
606 679 720 727 ipfius
749 680 887 715 mente
907 680 1147 717 haberentur.
1201 680 1421 728 Cogitemus
1448 678 1553 714 enim
1576 682 1684 714 Grae-

385 741 452 767 cos
481 731 592 773 illos,
627 731 695 778 qui
718 729 903 778 „singulari
929 730 1220 767 Homer‘icarum
1243 730 1456 767 fabularum
1484 729 1685 777 flagrarent

350 799 353 802 >
382 792 529 825 amore,
559 789 786 830 quamquam
815 782 911 817 bene
934 781 1093 824 scirent,
1127 793 1176 817 ex
1201 785 1400 830 poetarum
1428 780 1569 815 animia
1597 781 1683 815 illas

384 830 455 868 effe
480 832 690 880 profectas,
726 844 862 868 nonne
887 832 977 868 illos
1001 833 1048 869 ad
1075 833 1311 870 Platonicam
1335 831 1550 869 doctrinam
1581 830 1681 866 trahi

382 884 604 930 oportebat,
645 894 759 930 quam
786 883 920 919 eodem
953 884 1082 921 nitido
1115 893 1153 920 et
1180 884 1343 934 eleganti
1370 881 1593 920 vestimento
1620 882 1681 917 in-

382 933 513 971 dutam
546 933 768 986 novill'ent?
824 937 909 983 Quo
945 949 1056 979 vero,
1099 936 1278 982 obsecro,
1324 936 1402 982 jure
1433 946 1507 970 nos
1543 932 1678 983 rigidis
1736 980 1740 982 ‚

379 984 596 1022 nostrorum
624 986 937 1033 philosophorum
965 985 1225 1031 systematibus
1251 986 1422 1028 adsueti.
1451 983 1680 1030 condemna-

379 1035 507 1073 bimus
535 1037 827 1084 phssosophum,
864 1037 932 1085 qui
958 1037 1025 1073 suo
1054 1049 1126 1073 nec
1152 1036 1280 1074 nostro
1307 1037 1472 1084 tempori
1496 1036 1677 1076 scribens,

376 1099 422 1122 eo
447 1088 537 1124 usus
565 1086 614 1123 est
640 1088 775 1131 modo,
804 1100 883 1136 quo
902 1086 1097 1125 certiffime
1123 1089 1279 1125 suorum
1305 1089 1508 1124 hominum
1527 1087 1680 1131 animos

375 1135 444 1172 fibi
480 1138 518 1174 se
552 1139 850 1174 conciliaturum
888 1138 1075 1186 speraret?
1137 1141 1246 1176 Licet
1288 1140 1407 1187 igitur
1452 1138 1674 1183 judicemus.

376 1189 579 1225 Platonem
614 1198 659 1225 ut
693 1189 969 1237 philosophum
1003 1189 1123 1226 nimis
1159 1191 1324 1240 eleganti
1349 1189 1520 1227 orationi
1546 1188 1675 1223 indul—

374 1237 470 1282 fiffe.
499 1249 625 1276 tamen
654 1252 770 1275 nemo
792 1241 853 1275 illi
877 1241 977 1275 hanc
1003 1254 1083 1277 rem
1106 1241 1204 1277 vitio
1228 1250 1368 1285 vertet,
1395 1239 1577 1287 temporis
1604 1239 1672 1274 ho-

373 1291 524 1329 minum
530 1304 604 1341 que
628 1292 757 1335 habita
783 1291 944 1328 ratione.
