1836 2410
343 141 387 178 16

944 238 977 285 5-
1033 247 1067 287 7·

444 316 544 355 Fieri
570 312 711 363 potest,
737 323 786 350 ut
824 311 963 360 aliquis
994 312 1183 361 egregiam
1209 310 1501 353 fimilitudinem
1530 326 1660 353 cernat

346 370 390 405 in
426 379 529 410 eare,
567 365 673 413 quod
698 363 737 401 et
769 361 932 400 Christus
967 374 1123 400 omnem
1157 363 1260 400 suam
1289 364 1503 402 doctrinam
1535 379 1554 403 a
1576 371 1661 404 Deo

345 428 509 467 repetat,
538 426 575 453 et
604 417 713 453 Plato
744 414 938 452 interdum
965 426 1049 450 non
1083 414 1188 451 suam
1216 417 1506 459 mentem‚>sed
1530 418 1659 455 divini
1712 456 1718 461 ,

344 467 741 515 cujusdam'numinis
775 465 1072 512 inspirationem
1093 478 1287 512 exponere
1305 466 1488 505 videatur.
1541 469 1661 504 Perti·

339 529 442 556 nent
481 521 558 554 huc
594 516 775 564 inprimis
809 514 899 560 ista,
946 528 1042 562 quae
1079 516 1125 550 de
1158 519 1354 553 Daemone
1381 519 1563 559 veniunt,
1595 518 1659 554 cui

340 574 516 607 Socrates
553 580 709 605 omnem
749 566 854 601 suam
894 565 1032 613 agendi
1072 565 1266 601 rationem
1293 576 1483 614 acceptam
1517 567 1656 605 referre

340 620 440 657 solet
462 620 541 664 ¹⁴).
597 618 668 655 Sed
689 617 780 652 licet
803 617 845 651 in
865 616 924 651 his
948 615 1133 651 miremur
1153 617 1319 652 Socratis
1347 617 1590 660 modestiam..
1619 628 1657 655 et

341 670 620 712 concedamus,
653 680 789 704 vocem
819 666 986 714 aliquam
1008 665 1185 702 aivinam
1215 678 1262 701 ex
1292 679 1337 703 eo
1364 668 1562 715 loquutam
1587 669 1657 706 ess'e

339 723 455 769 (quae
474 730 602 756 tamen
624 719 666 753 in
691 718 830 766 quovis
852 717 1026 752 melioria
1042 716 1188 752 indolis
1209 718 1369 753 homine
1385 719 1506 766 viget)
1525 728 1654 764 tamen

337 771 535 819 longealia
566 782 624 805 res
653 768 723 811 est,
752 779 867 815 quam
894 767 992 803 ratio
1020 766 1108 807 illa,
1144 779 1216 813 qua
1239 767 1402 803 Christus
1430 767 1564 805 omnia
1588 769 1655 806 sua

336 829 536 868 praecepta
572 831 618 854 ex
651 818 727 854 Dei
755 817 937 853 mandato
970 816 1138 863 protulit
1157 818 1234 862 ¹⁵).
1288 817 1498 854 Referenda
1523 828 1652 856 autem

338 871 429 905 sunt
450 868 517 905 ista
542 868 588 904 acl
612 867 778 904 Socratis
803 876 939 903 notam
962 867 1149 909 ironiam,
1180 878 1253 914 qua
1279 879 1395 915 quum
1425 868 1505 916 ipse
1529 869 1566 905 se
1591 870 1654 904 niz

337 921 399 956 hil
432 920 527 955 scire
547 917 825 965 -profiterc—tur,
869 915 1141 964 magniloquos
1175 926 1212 952 et
1246 917 1428 964 superbos
1457 917 1648 966 Sophifias

340 982 458 1018 quam
491 969 657 1004 maxime
684 976 880 1017 premeret.
941 966 1016 1004 Vix
1041 976 1170 1002 temen
1189 968 1346 1003 Platoni
1368 969 1473 1005 illius
1500 969 1555 1006 rei
1582 970 1650 1005 ali·

340 1032 421 1067 qua·
438 1031 524 1066 pars
554 1018 675 1053 tribui
700 1015 841 1064 potest,
869 1018 937 1064 qui
957 1029 1077 1064 quum
1098 1019 1290 1054 Socratem
1316 1018 1359 1053 in
1384 1018 1543 1068 dialogis
1566 1020 1647 1057 ,suis

337 1078 510 1105 accurate
531 1068 676 1116 fingere
703 1069 853 1110 vellets
874 1067 1066 1104 rationem
1093 1067 1173 1113 ejus
1205 1076 1243 1103 et
1276 1068 1437 1105 modum
1470 1070 1650 1106 adhibere

339 1120 510 1156 debebat.
563 1118 703 1154 Eadem
724 1127 852 1154 autem
871 1130 929 1154 rea
950 1116 1000 1155 est
1018 1118 1061 1153 in
1079 1118 1273 1154 Convivio
1288 1120 1456 1156 Platonis
1477 1121 1556 1165 ¹⁶),
1580 1121 1649 1156 ubi

338 1174 512 1206 socrates
533 1181 655 1215 quum
677 1169 723 1202 de
747 1179 879 1202 amore
900 1168 1090 1214 loquendi
1109 1167 1223 1203 series
1247 1179 1335 1203 eum
1365 1179 1554 1213 maneret,
1578 1169 1651 1205 ser·

337 1231 498 1255 monem
516 1230 600 1254 non
622 1227 804 1263 tanquam
826 1215 958 1258 suum,
980 1216 1044 1250 sed
1067 1224 1111 1251 ut
1131 1227 1150 1250 a
1171 1218 1394 1263 prophetica
1418 1231 1495 1255 anu
1518 1231 1648 1266 accep·

334 1280 420 1306 tum
443 1267 600 1316 profert.
652 1269 777 1303 Nemo
809 1265 981 1312 profecto
1012 1267 1072 1310 in„
1085 1265 1146 1302 his
1168 1268 1534 1316 veramjconspiciet
1560 1281 1647 1305 nar-

336 1321 540 1355 rationem.
593 1316 665 1351 Sed
689 1327 808 1362 quum
827 1316 989 1352 Socratis
1012 1316 1135 1351 sermo
1156 1328 1244 1363 prae
1273 1318 1432 1366 reliquis
1460 1320 1646 1358 omnibus

339 1379 428 1406 ante
456 1380 544 1405 eum
571 1366 712 1402 habitis
741 1367 856 1415 longe
882 1366 1087 1410 emineret,
1113 1365 1317 1404 modestiae
1342 1370 1421 1415 eius
1447 1371 1645 1408 consenta-

338 1433 455 1456 neum
485 1428 583 1460 erat,
613 1427 656 1452 ut
683 1426 867 1464 tanquam
891 1427 1088 1465 acceptum
1114 1417 1160 1451 ab
1195 1418 1323 1455 alieno
1358 1432 1426 1456 ore
1455 1434 1543 1457 eum
1569 1423 1645 1457 elo-

337 1479 530 1519 queretur.
583 1469 705 1516 Quare
733 1468 836 1503 Plat‘o
863 1468 1010 1516 egregie
1040 1475 1155 1514 atque
1169 1468 1353 1505 veriffime
1379 1471 1422 1506 in
1447 1471 1516 1507 illo
1542 1472 1643 1507 libro

337 1526 529 1558 Socratem
557 1517 726 1555 affinxit.
780 1517 928 1554 Eodem
962 1526 1089 1553 autem
1120 1517 1238 1554 modo
1269 1518 1514 1565 dijudicanda
1539 1522 1642 1565 sunt,

336 1571 365 1607 fi
389 1583 463 1618 qua
483 1569 572 1604 talia
594 1569 637 1602 in
660 1568 819 1614 reliquis
836 1567 1006 1604 Platonis
1034 1566 1144 1603 libris
1177 1579 1401 1614 occurrant,
1426 1583 1498 1606 nec
1519 1573 1644 1607 ullum

335 1630 525 1670 praeterea
544 1617 744 1665 vestigium
759 1618 916 1663 reperiri
932 1616 1075 1665 potest,
1100 1617 1203 1654 unde
1220 1617 1413 1663 efficiatur,
1442 1621 1641 1657 Platonem

337 1675 384 1707 de
413 1670 545 1706 divina
573 1668 1027 1716 quadam·philosophiae
1055 1668 1142 1704 suae
1167 1667 1419 1714 inspiratione
1445 1670 1640 1720 cogitass‘e3

339 1723 460 1757 immo
500 1719 643 1767 ubique
676 1719 803 1760 illam,
841 1716 869 1753 fi
900 1731 979 1755 rem
1005 1718 1236 1766 spectamus,
1273 1728 1318 1755 ut
1347 1731 1394 1757 ex
1423 1721 1489 1758 sua
1513 1731 1644 1760 mente

382 1859 437 1896 ²4)
460 1854 516 1886 Cf.
538 1854 628 1884 inter
649 1853 729 1909 alica
751 1853 853 1910 ¹.⁰⁶f’⁸'
876 1853 1012 1896 Apolog.
1035 1853 1074 1885 Τ.
1092 1853 1121 1889 1.
1141 1863 1175 1896 p.
1190 1862 1241 1895 31.
1259 1856 1301 1889 D.
1318 1858 1389 1904 sqq:

382 1904 448 1976 15‘)>⁴
463 1902 811 1982 &fllxtlg’g,¹go.zgn.m
836 1900 947 1944 διδαχή
963 1900 1016 1935 οὐκ
1033 1899 1094 1937 ἕσιν
1117 1901 1193 1947 ἐμή,
1220 1902 1301 1938 ἀλλά
1317 1907 1372 1939 τοῦ
1387 1905 1571 1951 πέμψαντός
1585 1919 1638 1951 μυ.

379 1989 434 2028 16)
456 1986 500 2019 Τ.
514 1985 577 2018 111.
599 1995 634 2027 p.
650 1991 709 2025 199
723 1984 791 2025 sqq.
1541 1980 1549 1986 ’
