1836 2410
327 194 372 228 ¹4
1171 230 1186 239 ἦ

327 300 417 324 men
442 287 509 322 illa
534 285 635 333 ipsa,
664 297 783 333 quum
812 297 894 321 non
917 284 988 319 uni
1013 284 1162 320 summo
1190 284 1387 333 principio
1415 286 1635 336 fuljungan-

326 350 407 380 tur,
436 338 526 373 satis
554 336 748 377 indicant,
784 347 908 383 neque
936 333 1074 370 christi
1101 347 1226 383 neque
1252 336 1526 382 Apostolorum
1552 339 1634 374 ani-

325 389 400 424 mis
442 388 584 424 ethicos
623 386 816 434 quoddam
851 383 1007 432 systema
1042 385 1259 433 impressum
1294 385 1414 425 fuiffe.
1479 390 1633 425 Etenim

327 439 494 487 quodvis
521 437 675 484 systema
702 450 824 473 unum
852 447 1003 473 tantum
1025 438 1263 484 principium
1289 438 1476 481 summum
1502 441 1636 477 habeat

326 490 470 525 necesse
497 488 560 525 est.
616 493 749 535 ltaque
770 499 841 523 nec
870 486 1065 532 Christus,
1094 488 1162 523 ubi
1189 488 1376 523 summam
1404 490 1525 537 legem
1554 503 1637 526 mo-

326 543 443 577 ralem
471 539 541 576 effe
568 539 682 581 dicit,
712 539 784 574 Dei
810 547 848 574 et
873 539 1041 585 proximi
1068 551 1239 575 amorem
1264 540 1357 585 ¹2),
1402 540 1638 587 principium

271 613 278 620 ·
327 592 521 638 quoddam
559 591 726 626 ethicum
763 590 926 624 innuere
947 590 1101 643 goluin
1138 590 1223 631 sed,
1261 591 1303 625 vi
1339 589 1497 626 istorum
1536 593 1641 628 loco-

326 654 411 676 rum
449 650 671 676 connexum
706 640 938 686 spectamus,
984 639 1185 684 primarias
1217 640 1345 687 legum
1383 641 1639 677 Mosaicarum

326 692 497 728 indicare
532 691 669 728 voluit.
711 708 761 718 -
821 693 1021 737 Nusquam
1062 702 1155 726 vero
1191 701 1263 725 nec
1298 689 1445 739 singula
1481 694 1637 739 quaevis

326 753 525 790 praecepta
553 742 599 777 ad
627 742 784 778 altiores
813 740 949 777 cauffas
985 741 1242 783 reducuntur,
1283 754 1354 777 nec
1383 754 1429 776 ex
1456 742 1534 779 illis
1562 756 1639 779 ma·

326 795 476 839 joribus
515 793 723 839 praeceptis
759 804 802 826 ac
847 791 1051 837 principiis
1097 791 1241 839 singula
1289 792 1533 837 derivantur,
1576 794 1640 829 sed

326 843 458 881 omnia
487 853 670 891 tanquam
699 842 833 879 divina
858 842 1011 878 oracula
1027 836 1081 877 'ac
1108 842 1209 891 leges
1234 840 1497 889 sapientiffimi
1523 844 1637 894 legis-

326 896 462 932 latoris
500 896 810 942 promulgantur.
876 897 980 940 Quae
1006 893 1159 940 quidem
1187 905 1268 936 res,
1304 893 1332 928 fi
1360 903 1438 928 tam
1468 895 1640 930 Orienta-

325 947 401 980 lem
442 946 657 992 cogitemus
698 952 892 984 autorem,
940 954 1013 978 nec
1047 955 1245 990 graecum,
1296 955 1408 990 quam
1449 944 1640 981 summum

324 995 424 1031 illud
452 993 652 1030 confilium
682 994 787 1042 quod
811 991 976 1030 Christus
1012 993 1146 1029 animo
1185 1002 1223 1028 et
1258 993 1373 1030 dictis
1407 994 1638 1043 expresserit,

326 1048 558 1092 spectemus,
601 1046 719 1081 miros
744 1058 818 1081 nos
847 1045 1011 1090 amplius
1039 1045 1176 1079 habere
1203 1056 1287 1079 non
1319 1045 1454 1091 potest.
1513 1051 1641 1094 Quan-

326 1096 533 1143 doquidem
580 1096 685 1130 enim
739 1107 822 1129 non
869 1094 1124 1140 Philosophus
1166 1103 1319 1129 tantum
1363 1095 1499 1131 docere
1516 1123 1528 1137 ,
1575 1097 1640 1132 sed

325 1146 502 1182 doctrina
529 1145 594 1181 sua
615 1146 784 1181 veriores
804 1144 1014 1190 opiniones
1031 1144 1314 1192 fincerioraque
1333 1146 1523 1193 principia
1546 1149 1636 1183 uni·

293 1233 299 1243 N
326 1196 437 1233 verso
463 1196 598 1244 generi
623 1197 795 1231 humano
832 1195 1028 1241 impertire
1060 1195 1209 1236 voluit,
1242 1194 1475 1240 systematica
1510 1197 1637 1233 forma

324 1246 478 1294 prorsus
506 1245 584 1281 fuit
609 1245 821 1293 releganda.
874 1244 983 1279 Licet
1009 1244 1112 1280 enim
1139 1255 1274 1279 verum
1303 1244 1367 1287 fir,
1401 1247 1507 1293 quod
1527 1249 1636 1284 Plato

324 1299 368 1333 in
389 1301 560 1333 Menone
581 1297 649 1341 ¹³)
677 1293 833 1337 effatur,
861 1306 968 1329 veras
996 1294 1225 1341 opiniones.
1254 1294 1325 1331 nisi
1353 1294 1534 1334 scientiae
1549 1299 1635 1335 vin-

326 1349 423 1384 culis
450 1348 607 1396 ligatae,
635 1345 852 1392 causs‘aeque
878 1356 1007 1380 earum
1032 1345 1244 1392 perspectae
1270 1345 1365 1390 sint,
1394 1349 1632 1396 aliquamdiu

326 1404 480 1434 tantum
503 1398 635 1433 animo
669 1397 884 1437 inhaerere,
919 1395 1034 1431 facile
1061 1405 1186 1431 antem
1221 1396 1360 1432 deinde
1387 1401 1546 1446 expelli:
1582 1410 1636 1436 ta·

326 1461 417 1485 men
441 1450 533 1484 haec
568 1447 749 1483 scientiae
774 1456 813 1481 et
838 1445 1045 1482 caussarum
1079 1446 1232 1482 vincula
1259 1459 1342 1482 non
1370 1450 1527 1484 eandem
1554 1452 1637 1487 vim

326 1500 469 1535 habent
496 1499 538 1534 in
566 1498 653 1533 rudi
681 1497 818 1545 populi
846 1497 980 1541 turba,
1017 1496 1088 1531 nisi
1116 1497 1188 1531 alia
1217 1498 1401 1544 quaedam
1428 1502 1633 1537 auctoritas

326 1550 491 1586 accedat.
546 1553 762 1592 Ponamus,
795 1547 836 1582 id
860 1547 964 1594 quod
990 1558 1126 1583 verum
1150 1545 1226 1591 est,
1257 1548 1320 1583 vel
1342 1548 1521 1587 homines
1550 1564 1640 1587 non>

327 1600 499 1636 eruditos
533 1608 570 1634 et
602 1597 834 1647 cogitationi
869 1609 1002 1643 parum
1038 1597 1237 1640 adsuetos,
1278 1599 1496 1648 intelligere
1532 1602 1636 1648 poss'e

325 1650 464 1688 caussas
489 1654 602 1697 atque
629 1648 819 1696 principia
847 1648 1035 1684 virtutum
1063 1660 1106 1683 ac
1133 1646 1355 1684 officiorum
1391 1651 1567 1695 suorum,
1604 1652 1632 1688 fi

323 1701 503 1748 populari
539 1697 703 1748 quadam'
746 1698 898 1735 ratione
940 1698 1030 1745 ipfis
1075 1698 1345 1736 exhibeantur:
1390 1700 1457 1736 vix
1502 1711 1632 1739 tamen

324 1753 537 1799 putandum
572 1749 644 1792 cst,
690 1750 804 1785 talem
842 1750 1065 1795 popularem
1100 1748 1247 1784 ethicae
1290 1749 1555 1789 scientiam
1591 1766 1634 1790 ac
1694 1791 1699 1795 ,

408 1885 529 1918 Matth.
550 1885 627 1919 vn,
650 1895 699 1916 ει.
728 1886 810 1920 xn.
833 1893 883 1924 50.
914 1886 1079 1927 Eph.V1,
1110 1886 1142 1920 σε
1168 1897 1197 1921 1.
1226 1869 1481 1930 Rom.X11‚2.'
1509 1889 1581 1924 soh.
1602 1899 1632 1929 ο,

408 1938 455 1967 17.
486 1927 584 1957 Rom.
602 1925 700 1963 VIII,
722 1937 762 1957 2-
777 1937 822 1958 10.
854 1928 928 1960 Gal.
952 1928 1014 1965 VI,
1038 1935 1069 1964 8.
1092 1928 1180 1962 Phil.
1202 1930 1264 1967 IV,
1286 1937 1318 1966 8.
1574 1954 1576 1957 -

366 1986 416 2021 12)
440 1980 561 2013 Matth.
578 1978 690 2015 XXII,
713 1988 835 2019 34-40.
858 1981 961 2016 Marc.
984 1981 1065 2020 XII,
1086 1989 1208 2024 28-54.
1230 1985 1310 2020 Luc.
1329 1986 1378 2024 X,
1400 1993 1522 2025 25-57·

370 2040 419 2076 13)
443 2037 484 2069 T.
501 2035 546 2067 11.
569 2045 601 2074 p.
624 2043 675 2073 97.
697 2033 738 2066 E.
761 2039 813 2073 98.
837 2034 879 2063 D.
1169 2074 1173 2081 ,
1346 2079 1349 2081 Δ
1517 2046 1527 2055 -.
