1836 2410
289 296 421 323 amore
461 283 616 325 ductus,
659 294 702 319 ac
737 283 1019 332 philosophiAm
1058 283 1215 321 istorum
1260 285 1483 327 hominum,
1521 283 1588 331 qui

291 334 553 383 Sophistarum
580 335 744 372 nomine
766 335 951 378 veniunt,
975 336 1165 383 perosus,
1203 349 1303 373 unus
1327 336 1488 380 exstitit,
1520 333 1588 382 qui

290 387 431 423 [iucem
455 384 651 434 *ingress‘us
682 387 743 421 via
780 387 826 421 ad
857 397 985 422 veram
1021 388 1183 423 ethicam
1218 388 1437 423 tradendam
1476 396 1588 433 atque

289 437 526 484 juvenilibus
577 435 865 473 Athenienfium
909 438 1050 473 animis
1097 438 1378 474 informandam
1397 465 1407 481 ,
1457 436 1587 471 falsam

291 486 550 535 Sophistarum
590 487 835 534 disciplinam
887 497 925 522 et
970 488 1160 523 rationem
1209 498 1373 525 evertere
1417 485 1587 524 studeret.

291 542 427 586 Neque
452 548 583 573 tamen
610 539 774 573 multum
801 537 984 584 profecit,
1025 550 1252 586 quamquam
1279 539 1474 576 doctrinae
1501 535 1588 571 suae
1620 565 1622 567 ,

291 590 470 625 novitate
487 590 614 636 plures
631 588 781 623 nobiles
798 588 1083 625 Athenienfium
1105 589 1261 634 juvenes
1280 590 1327 625 ed
1347 591 1383 625 se
1402 589 1589 630 allexerat,

289 652 412 687 quum
442 653 488 676 eo
513 637 712 675 destitutus
739 638 825 674 ess'et
850 639 1002 687 ingenii
1021 640 1217 685 acumine,
1245 653 1323 688 quo
1349 637 1430 676 l'olo
1455 637 1590 685 Sophi-

288 689 427 727 starum
457 689 675 738 perversitas
701 698 739 725 et
761 690 939 726 damnosa
966 690 1065 738 ratio
1096 691 1221 739 detegi
1251 700 1289 726 et
1324 692 1366 727 in
1389 701 1476 728 vera
1504 690 1589 724 luce

287 742 386 789 poni
419 740 609 789 potuiss'et.
662 744 746 781 Jam
770 753 861 777 vero
881 742 1011 786 Plato,
1038 739 1199 790 infignis
1224 742 1389 779 Socratis
1417 739 1584 786 discipu·

285 793 370 837 lus,
402 792 485 840 pari
511 792 664 840 quidem
694 791 817 827 animi
842 792 1081 840 integritate,
1108 793 1243 828 altiore
1270 802 1396 828 temen
1428 789 1587 838 ingenio

288 851 401 890 atque
435 842 630 885 doctrina,
665 841 772 877 facili
812 844 972 890 negotio
1006 842 1179 881 fallacem
1214 852 1252 879 et
1282 842 1495 890 perversam
1523 843 1589 876 So-

284 891 495 940 phistarum
521 892 746 928 methodum
770 891 1035 940 perlustrabat,
1069 903 1106 930 et
1130 893 1295 930 omnino
1325 894 1358 930 is
1393 901 1489 935 erat,
1521 890 1590 938 qui

285 944 427 991 pellere
462 945 551 979 illos
578 953 616 979 et
644 945 859 990 opprimere
886 942 1016 991 poss'et.
1069 949 1173 981 Bene
1199 954 1324 981 eutem
1352 943 1587 992 perspectum
1623 947 1633 950 ”

286 993 439 1034 habuit.
469 993 627 1042 fingulis
657 993 736 1030 istis
768 994 972 1037 doctrinis,
1002 1004 1041 1031 et
1065 996 1224 1042 abrupte
1255 995 1386 1042 politis
1416 1005 1588 1041 praecep·
1653 995 1655 997 ’

285 1045 357 1086 tis.
385 1057 480 1093 quae
505 1057 524 1080 a
546 1048 697 1081 Socrate
717 1045 873 1086 edoctus
889 1044 998 1088 effer,
1020 1046 1126 1085 nihil
1145 1046 1224 1082 fere
1243 1055 1374 1088 contre
1399 1044 1586 1092 Sophiftas

283 1094 388 1132 effici
427 1094 552 1142 poste,
583 1095 644 1129 sed
677 1095 835 1140 altiore,
878 1105 1001 1142 ratus,
1044 1108 1142 1143 opus
1182 1096 1252 1132 effe
1291 1096 1456 1141 judicio,
1498 1104 1587 1131 ante

281 1145 415 1182 omnia
445 1145 576 1181 falsam
612 1142 871 1193 sophistarum
904 1147 1141 1183 dialecticam
1170 1156 1356 1188 evertere,
1383 1158 1586 1193 veramque

282 1195 582 1243 philosophandi
607 1195 710 1231 viam
734 1194 941 1232 monstrare
966 1197 1123 1233 adortus
1159 1196 1221 1235 est.
1285 1197 1398 1245 Quod
1431 1196 1585 1243 quidem

279 1245 414 1293 pass‘im
432 1246 524 1281 tecit
549 1254 631 1281 tum
657 1246 700 1280 in
726 1246 907 1281 omnibus
926 1247 1089 1294 dialogis
1116 1247 1213 1289 suis,
1240 1256 1323 1282 tum
1347 1245 1584 1294 potiffimum

283 1298 327 1333 in
353 1297 538 1338 Phaedro,
576 1295 645 1331 ubi
673 1304 801 1341 aperte
838 1295 943 1332 suam
970 1296 1265 1344 philosophandi
1300 1298 1488 1334 rationem
1516 1309 1583 1344 op-

282 1348 399 1396 ponit
420 1345 677 1394 Sophistarum
700 1346 895 1383 methodo.
949 1350 999 1383 Et
1020 1346 1168 1383 firmam
1193 1348 1279 1384 sane
1307 1349 1477 1385 munivit
1500 1347 1596 1396 phi--

282 1399 482 1445 Iosophiae
511 1399 615 1434 viam
642 1395 902 1444 expostulans,
932 1407 975 1433 ut
1008 1398 1260 1446 philosophus
1288 1409 1376 1435 ante
1401 1400 1534 1436 omnia
1563 1411 1585 1435 n

283 1449 445 1498 fingulis
472 1448 605 1491 rebus,
638 1460 735 1495 quae
758 1448 801 1482 in
838 1448 963 1484 seusus
992 1449 1158 1495 cadunt,
1191 1448 1373 1485 abstrahat
1401 1451 1584 1486 notiones

283 1500 464 1551 quasdam
490 1499 705 1548 generales,
735 1509 939 1545 earumque
967 1508 1106 1535 certam
1139 1499 1362 1548 firmamque
1387 1499 1454 1536 fibi
1482 1512 1586 1536 com-

283 1559 394 1599 paret
415 1550 605 1585 rationem
633 1548 746 1596 atque
768 1548 1058 1594 definitionem,
1092 1550 1229 1586 deinde
1253 1561 1379 1587 autem
1400 1551 1585 1587 notiones

286 1601 373 1637 illas
399 1600 592 1648 generales
619 1607 791 1634 accurate
819 1598 986 1634 secernat
1018 1600 1061 1635 in
1097 1600 1281 1637 notiones
1317 1598 1515 1648 speciales.
1548 1609 1586 1637 et

286 1652 341 1688 ita
378 1650 582 1688 descendat
610 1649 656 1685 ad
684 1662 743 1685 res
778 1648 1021 1693 individuas,
1060 1660 1105 1686 ut
1131 1651 1394 1697 cujusvisrrei
1437 1651 1586 1688 firmam
1619 1679 1621 1682 >

285 1703 355 1742 fibi
384 1701 497 1750 possit
521 1701 696 1737 exhibere
715 1700 918 1737 notionem
939 1711 1054 1749 atque
1076 1702 1341 1738 definitionem
1364 1706 1412 1747 ¹).
1466 1707 1587 1751 Quam

286 1754 444 1802 quidem
466 1753 658 1788 rationem
688 1751 767 1797 ipse
791 1750 970 1798 sequutus
996 1751 1046 1788 est
1071 1752 1115 1788 in
1146 1752 1477 1800 disquiiitionibus
1503 1766 1585 1790 om-

285 1806 414 1842 nibus.
466 1807 557 1839 Non
583 1794 711 1838 tainen
741 1801 784 1836 in
812 1814 856 1838 eo
884 1803 1120 1851 acquiescere
1146 1812 1310 1850 poterat,
1339 1813 1382 1840 ut
1402 1802 1586 1852 Sophiste-

285 1868 373 1891 rum
397 1855 587 1889 rationem
613 1863 727 1899 atque
755 1854 977 1888 methodum
1006 1853 1135 1888 falsam
1160 1853 1247 1896 ess'e,
1280 1864 1317 1890 et
1338 1866 1359 1890 a
1384 1868 1473 1891 vero
1492 1856 1586 1889 Jon-

287 1906 376 1955 gius
413 1904 598 1940 abducere
633 1903 834 1951 probaret,
867 1903 930 1939 sed
976 1902 1057 1950 ipsa
1091 1916 1224 1941 eorum
1257 1905 1446 1954 principia
1472 1913 1587 1953 atque

328 2043 361 2081 ι)
384 2040 525 2081 Egregie
544 2040 628 2069 haec
650 2037 798 2078 expreffit
817 2037 854 2067 in
875 2035 1025 2069 Philebo.
1047 2036 1088 2069 T.
1102 2036 1147 2070 11.
1168 2047 1200 2078 p.
1219 2047 1261 2069 20
1274 2038 1342 2079 sqq·
