1836 2410
1465 188 1489 222 5

187 279 426 318 putaremus,
461 272 668 309 ridiculum
701 270 850 318 prorsus
877 271 1003 320 ipsum
1029 272 1237 321 Sophifiam
1261 273 1484 315 faceremus

188 324 236 356 In
265 322 422 369 reliquis
449 333 576 359 autem
611 322 725 366 hujus
747 322 894 369 generis
922 324 1104 371 dialogis,
1139 327 1181 360 in
1208 330 1418 374 Protagora
1447 336 1487 363 et

190 372 352 421 Gorgia,
406 373 549 410 etiamsi
597 373 790 408 summum
837 382 1103 421 argumentum
1144 388 1270 411 revera
1308 377 1484 413 Platonis

186 431 356 459 mentem
388 425 526 460 r‘eferre
558 432 753 470 putemus,
804 433 930 460 tamen
972 424 1133 460 minime
1165 425 1308 475 lingula
1342 427 1483 474 quibus

186 473 284 508 illud
311 475 471 521 probare
498 470 662 516 studeat,
689 473 895 522 genuinam
923 474 1142 521 philosophi
1172 478 1385 512 doctrinam
1414 477 1485 513 else
1513 486 1542 512 Χ.

170 523 459 569 arbitrandum·
477 523 539 562 est.
591 525 702 572 Quod
724 524 876 572 quidem
904 525 993 560 satis
1019 524 1258 561 manifestum
1283 526 1348 569 fit,
1376 526 1484 562 insti-

123 609 130 617 ,
185 575 267 607 tnta
295 577 498 623 Protagora
524 584 560 610 et
586 576 768 611 Menonis
796 575 1104 622 comparatione,
1130 575 1170 610 in
1195 576 1330 623 quibus
1357 584 1483 615 unum
1541 591 1544 593 “

187 623 367 671 idemque
390 635 656 673 argumentum
685 635 878 663 tractatur.
932 629 1101 674 Negatur
1127 626 1233 661 enim
1259 626 1301 661 in
1320 637 1484 676 utroquo

186 673 317 709 doceri
353 675 454 722 poss‘e
488 677 683 716 virtutem.
751 677 822 713 Sed
851 676 941 712 vide
976 689 1090 724 quam
1128 677 1247 725 longe
1282 678 1484 726 utriusque

188 725 289 761 ratio
326 725 457 764 distet!
511 732 738 776 Protagorae
763 727 927 763 socrates
964 740 1014 763 ne
1034 728 1197 763 ‘verbum
1224 728 1377 776 quidem
1410 731 1484 765 lar·
1509 759 1514 761 .

187 775 310 823 gitur,
352 777 416 812 sed
449 780 653 813 cumulatis
688 778 982 824 sophismatibus
1017 791 1104 813 eum
1146 779 1286 820 irretit,
1331 780 1484 815 nullum

184 836 453 874 argumentum
478 829 524 863 ad
551 828 666 863 finem
692 828 947 875 prosequitur,
975 828 1036 864 sed
1062 829 1108 863 ab
1136 840 1220 867 uno
1247 829 1294 863 ad
1320 830 1484 866 alterum

185 876 380 913 celerrime
419 880 705 928 transgreditur.
769 883 847 914 Nec
881 879 1047 925 omnino
1084 888 1164 915 tota
1201 877 1388 926 quaestio,
1433 880 1481 915 de

184 939 257 974 qua
286 928 408 964 sermo
445 929 494 966 est
522 931 697 971 solvitur,
732 929 794 964 sed
821 928 1031 975 Sophistam
1065 929 1271 977 ridiculum
1306 928 1482 975 prostitu-

184 986 269 1013 tum
296 989 408 1028 atque
435 984 577 1029 pudore
604 979 785 1016 suffusum
812 981 997 1028 relinquit
1014 982 1194 1017 Socrates.
1246 983 1292 1015 In
1308 982 1483 1016 Menone
1532 1002 1536 1008 ι

183 1039 331 1073 autem,
360 1032 426 1066 ubi
454 1045 533 1068 non
556 1032 764 1080 Sophiftam
789 1032 1060 1075 adversarium,
1083 1031 1147 1066 sed
1173 1031 1349 1076 juvenem
1367 1032 1482 1067 Athe-

184 1080 354 1116 niensem
379 1084 591 1119 auditorem
620 1085 752 1128 habet,
779 1084 935 1118 eandem
963 1096 1043 1118 rem
1071 1095 1115 1119 ex
1141 1081 1326 1117 altiss'imis
1355 1082 1481 1128 philo-

183 1129 340 1178 sophiae
372 1133 486 1169 caufis
517 1135 674 1181 repetit,
707 1135 851 1181 riteque
885 1134 1089 1179 expendit,
1136 1132 1228 1179 quid
1258 1131 1302 1166 fit
1335 1133 1480 1173 virtus;

183 1189 223 1217 et
245 1182 288 1217 in
310 1183 369 1219 his
397 1184 689 1221 fundamentum
714 1185 811 1220 illud
830 1184 1094 1231 philosophiae
1119 1183 1352 1229 platonicae,
1380 1182 1481 1218 idea-

178 1243 265 1268 rum
290 1234 523 1280 doctrinam,
553 1237 661 1279 cujus
685 1237 725 1269 in
749 1239 952 1281 Protagora
975 1236 1121 1268 nullam
1146 1232 1288 1271 fecisset
1311 1234 1476 1268 men‘tio-

182 1294 291 1323 nem,
329 1284 452 1319 rursus
481 1285 809 1330 deprehendimus.
862 1286 949 1318 Hoc
972 1284 1126 1319 demum
1151 1283 1195 1316 in
1223 1282 1376 1330 dialogo
1403 1295 1475 1326 res,

183 1333 229 1368 de
266 1345 337 1381 qua
370 1333 490 1369 sermo
526 1333 576 1369 est
612 1335 657 1370 ad
702 1331 819 1369 finem
856 1333 1099 1381 perducitur,
1142 1341 1186 1366 ut
1216 1343 1343 1367 veram
1385 1333 1479 1367 inde

182 1385 355 1422 Platonis
392 1395 560 1422 mentem
602 1385 819 1430 conspicere
860 1383 1054 1433 poffimus.
1133 1382 1210 1432 Qui
1243 1394 1334 1419 vero
1368 1384 1477 1419 Plato

180 1435 373 1482 Sophistas
412 1437 549 1473 melius
586 1436 765 1483 potuisset
799 1437 969 1478 vincere,
1010 1447 1124 1483 quam
1156 1434 1328 1480 ipsorum
1361 1434 1478 1470 armis

179 1488 268 1523 illos
296 1500 490 1534 premens,
518 1497 557 1524 et
574 1488 667 1535 quid
688 1486 919 1533 profecisset,
946 1485 974 1521 fi
995 1491 1099 1521 tanta
1124 1484 1297 1529 superbia
1323 1493 1477 1519 tumen.

178 1548 235 1574 tes
258 1540 330 1574 alia
353 1539 513 1585 quadam
534 1539 596 1573 via
622 1537 778 1572 meliora
805 1537 938 1572 docere
964 1545 1122 1571 conatus
1150 1532 1265 1576 esset?
1284 1553 1337 1562 —
1379 1536 1486 1583 Quis-

179 1589 299 1637 igitur
326 1589 500 1624 subtilem
527 1586 633 1623 istam
662 1595 778 1622 artem
802 1595 916 1634 atque
948 1586 1159 1629 fallaciam,
1194 1585 1264 1619 illo
1289 1584 1367 1620 fine
1394 1598 1476 1631 per-

180 1641 328 1686 specto,
362 1639 568 1687 opprobrio
591 1644 732 1679 vertet,
769 1648 887 1684 quum
914 1636 957 1672 in
980 1636 1140 1684 reliquis
1166 1635 1337 1671 Platonis
1364 1636 1474 1673 libris

178 1694 335 1728 nullum
360 1690 467 1726 istius
486 1689 687 1737 vestigium
713 1687 900 1734 reperiat?
923 1708 974 1715 —-
1027 1688 1099 1724 His
1126 1688 1252 1722 autem
1279 1687 1475 1723 summum

129 1739 136 1744 ’
178 1734 350 1780 veritati&
374 1740 538 1776 studium
563 1749 641 1775 tam
666 1736 908 1774 manifestum
934 1737 1032 1774 inest
1053 1738 1109 1783 ⁴),
1138 1747 1181 1773 ut
1206 1750 1321 1773 nemo
1346 1739 1473 1773 Plato-

176 1806 268 1832 nem
301 1789 383 1830 eam
418 1793 468 1828 ob
495 1791 642 1831 causam
676 1786 770 1835 satia>
800 1788 912 1837 poffit
937 1788 1127 1826 admirari.
1182 1788 1257 1837 Qui
1284 1797 1473 1836 praeterea

178 1846 262 1886 fieti
287 1843 482 1892 potuiss'et,
518 1853 561 1886 ut
586 1844 641 1885 is,
676 1842 744 1889 qui
766 1840 1021 1888 Sophistarum
1043 1840 1233 1877 rationem
1256 1849 1371 1889 atque
1396 1853 1472 1876 me·

176 1930 719 1947 —-—-———.-..—

218 1987 252 2024 4)
277 1984 327 2014 Cf.
348 1982 549 2023 potissimum
569 1980 659 2012 locos
680 1978 797 2011 hosce:
823 1977 961 2013 phaedr.
986 1980 1027 2012 Τ.
1042 1978 1103 2016 111,
1125 1989 1157 2021 p.
1172 1987 1246 2020 273.
1267 1979 1309 2013 D.
1334 1979 1371 2014 E,
1394 1981 1466 2020 276.

255 2031 330 2064 278.
425 2047 428 2052 1
793 2031 796 2033 '
851 2040 857 2044 ν
1453 2054 1457 2056 r
